match	sell	6690.07	8.94e-06	1510396638.18	1510396639.133642
match	buy	6690.06	0.00173381	1510396641.134	1510396642.084487
match	buy	6690.0	0.1817869	1510396641.134	1510396642.0915053
match	buy	6689.16	0.01	1510396641.134	1510396642.10053
match	buy	6680.17	0.3	1510396641.134	1510396642.10053
match	buy	6680.16	0.27684827	1510396641.134	1510396642.105544
match	sell	6689.88	1.49e-06	1510396642.085	1510396643.036471
match	sell	6689.77	0.06	1510396643.766	1510396644.7159357
match	buy	6679.05	0.05	1510396646.374	1510396647.3230054
match	buy	6679.04	0.532	1510396646.374	1510396647.3290215
match	sell	6689.03	0.2522	1510396649.559	1510396650.5164502
match	sell	6684.51	1.49e-06	1510396652.004	1510396652.959946
match	sell	6684.66	1.49e-06	1510396662.517	1510396663.4678843
match	sell	6684.45	0.01	1510396662.946	1510396663.8950195
match	sell	6684.66	0.01441984	1510396671.386	1510396672.3364627
match	sell	6684.66	1.49e-06	1510396671.983	1510396672.9340527
match	sell	6684.66	0.55557867	1510396680.84	1510396681.789596
match	sell	6684.66	0.02287521	1510396680.84	1510396681.7936072
match	sell	6692.49	0.01	1510396680.84	1510396681.7976174
match	sell	6695.35	0.00269852	1510396680.84	1510396681.8016284
match	sell	6697.3	0.3803476	1510396680.84	1510396681.8036342
match	sell	6697.29	1.48e-06	1510396681.879	1510396682.8323689
match	sell	6696.9	0.01	1510396688.804	1510396689.7557764
match	sell	6696.6	1.48e-06	1510396691.399	1510396692.349321
match	sell	6694.3	0.01807736	1510396694.744	1510396695.6962194
match	sell	6694.29	0.01	1510396694.869	1510396695.8195474
match	sell	6685.6	0.01	1510396700.59	1510396701.6277776
match	sell	6685.48	1.49e-06	1510396701.846	1510396702.8010597
match	sell	6685.34	0.02	1510396702.517	1510396703.4688356
match	sell	6685.28	8.95e-06	1510396703.154	1510396704.1045253
match	sell	6682.3	1.49e-06	1510396711.49	1510396712.4457152
match	sell	6682.2	0.219	1510396712.239	1510396713.244937
match	sell	6681.6	0.01920331	1510396717.161	1510396718.1158695
match	sell	6681.6	0.02313165	1510396717.167	1510396718.1309092
match	sell	6681.6	0.02460718	1510396717.177	1510396718.1399333
match	sell	6681.6	0.02305786	1510396717.206	1510396718.1850533
match	sell	6679.69	1.49e-06	1510396721.617	1510396722.566703
match	sell	6679.03	1.49e-06	1510396731.407	1510396732.3797944
match	sell	6679.03	0.04209645	1510396731.49	1510396732.4409556
match	sell	6679.03	0.01493489	1510396731.552	1510396732.5131483
match	sell	6679.03	1.49e-06	1510396742.537	1510396743.4913356
match	sell	6679.03	0.5405	1510396743.917	1510396744.867996
match	sell	6679.03	0.02456362	1510396749.0	1510396749.959533
match	sell	6679.03	0.10877725	1510396749.0	1510396749.9725678
match	sell	6679.03	1.49e-06	1510396751.842	1510396752.7930665
match	sell	6679.03	8.96e-06	1510396757.504	1510396758.4551203
match	sell	6679.03	1.49e-06	1510396762.15	1510396763.1024764
match	sell	6679.03	1.49e-06	1510396771.843	1510396772.7932413
match	sell	6679.03	0.04	1510396774.334	1510396775.2868712
match	sell	6679.03	0.02	1510396774.454	1510396775.4071913
match	buy	6679.02	0.01	1510396775.137	1510396776.089004
match	buy	6679.02	0.529	1510396775.137	1510396776.0940177
match	sell	6679.03	1.49e-06	1510396782.079	1510396783.031462
match	sell	6679.03	1.49e-06	1510396791.855	1510396792.8078976
match	sell	6679.03	0.06	1510396793.41	1510396794.361027
match	sell	6679.03	1.49e-06	1510396802.709	1510396803.6647632
match	sell	6679.03	0.2827	1510396808.247	1510396809.1994784
match	buy	6679.02	2.47513242	1510396810.61	1510396811.5637646
match	sell	6679.03	1.49e-06	1510396812.31	1510396813.262961
match	sell	6679.03	0.07150336	1510396815.328	1510396816.2799819
match	sell	6679.03	0.01530712	1510396815.328	1510396816.2859979
match	sell	6679.03	0.01564584	1510396815.328	1510396816.2910118
match	sell	6679.03	0.01524759	1510396815.328	1510396816.2970276
match	sell	6679.03	0.01656333	1510396815.328	1510396816.300036
match	sell	6679.03	0.01503302	1510396815.328	1510396816.3040464
match	sell	6679.03	0.01506567	1510396815.328	1510396816.3080568
match	sell	6679.03	0.01521611	1510396815.328	1510396816.3200889
match	sell	6679.03	0.01634983	1510396815.328	1510396816.3251026
match	sell	6679.03	0.0150108	1510396815.328	1510396816.3281102
match	sell	6679.03	0.0162071	1510396815.328	1510396816.3501685
match	sell	6679.03	0.01600474	1510396815.328	1510396816.3511715
match	sell	6679.03	0.01450537	1510396815.328	1510396816.3511715
match	sell	6679.03	0.01570998	1510396815.328	1510396816.3511715
match	sell	6679.03	0.01570892	1510396815.328	1510396816.3511715
match	sell	6679.03	0.01596733	1510396815.328	1510396816.3551826
match	sell	6679.03	0.01504927	1510396815.328	1510396816.3551826
match	sell	6679.03	0.0164285	1510396815.328	1510396816.3601956
match	sell	6679.03	0.01537804	1510396815.328	1510396816.3652093
match	sell	6679.03	0.01535859	1510396815.328	1510396816.367214
match	sell	6679.03	0.01501396	1510396815.328	1510396816.3722274
match	sell	6679.03	0.0150331	1510396815.328	1510396816.3752356
match	sell	6679.03	0.01606384	1510396815.328	1510396816.379247
match	sell	6679.03	0.0160682	1510396815.328	1510396816.3822541
match	sell	6679.03	0.01606458	1510396815.328	1510396816.3862646
match	sell	6679.03	0.01626267	1510396815.328	1510396816.3932834
match	sell	6679.03	0.0165555	1510396815.328	1510396816.3952892
match	sell	6679.03	0.0153169	1510396815.328	1510396816.3992996
match	sell	6679.03	0.0326306	1510396815.328	1510396816.4023075
match	sell	6679.03	0.43015923	1510396815.328	1510396816.4063184
match	sell	6679.03	0.14923801	1510396815.328	1510396816.4103289
match	sell	6679.03	0.25	1510396815.328	1510396816.41434
match	sell	6679.03	0.25	1510396815.328	1510396816.4193525
match	sell	6679.03	0.25	1510396815.328	1510396816.424366
match	sell	6679.03	0.09038276	1510396815.328	1510396816.4273741
match	sell	6679.03	0.25	1510396815.328	1510396816.4333904
match	sell	6679.03	0.32	1510396815.328	1510396816.4363978
match	sell	6679.03	0.01333934	1510396815.328	1510396816.4404085
match	sell	6679.03	0.173	1510396815.328	1510396816.5085902
match	sell	6679.03	0.1	1510396815.328	1510396816.5105958
match	sell	6679.03	0.583	1510396815.328	1510396816.5136037
match	sell	6679.03	0.1771526	1510396815.328	1510396816.518617
match	sell	6679.03	0.4118474	1510396817.192	1510396818.1579754
match	sell	6679.03	0.01343238	1510396817.192	1510396818.1619866
match	sell	6679.03	1.0	1510396817.192	1510396818.1659966
match	sell	6679.03	0.5	1510396817.192	1510396818.170007
match	sell	6679.04	1.3185704	1510396817.192	1510396818.174018
match	sell	6679.05	0.04722992	1510396820.216	1510396821.1679778
match	sell	6679.05	1.49e-06	1510396822.259	1510396823.211412
match	sell	6679.03	1.49e-06	1510396832.283	1510396833.2592964
match	buy	6679.02	0.17485045	1510396834.471	1510396835.4544494
match	buy	6678.97	0.01	1510396834.471	1510396835.4574583
match	buy	6678.83	0.01	1510396834.471	1510396835.4574583
match	buy	6674.93	0.01737414	1510396834.471	1510396835.4574583
match	buy	6671.22	0.5186	1510396834.471	1510396835.46247
match	buy	6671.21	0.08917542	1510396834.471	1510396835.478643
match	sell	6679.03	8.96e-06	1510396836.709	1510396837.663991
match	sell	6679.06	0.9055	1510396838.753	1510396839.7074234
match	sell	6679.96	1.49e-06	1510396842.261	1510396843.218759
match	sell	6679.62	0.01	1510396851.012	1510396851.974037
match	sell	6679.62	1.49e-06	1510396852.276	1510396853.2283723
match	sell	6679.51	0.01	1510396857.302	1510396858.2547357
match	sell	6678.76	1.49e-06	1510396862.18	1510396863.1419175
match	sell	6678.62	0.07	1510396863.388	1510396864.355246
match	sell	6675.93	0.01	1510396863.496	1510396864.4875982
match	sell	6675.93	0.00014941	1510396864.735	1510396865.6877897
match	buy	6675.92	0.0104	1510396869.785	1510396870.7422276
match	buy	6675.92	0.1496	1510396869.785	1510396870.747241
match	sell	6672.71	1.49e-06	1510396871.711	1510396872.6633356
match	sell	6677.1	8.96e-06	1510396879.201	1510396880.1552563
match	sell	6676.86	1.49e-06	1510396881.683	1510396882.636853
match	sell	6677.72	0.06224667	1510396884.658	1510396885.6237948
match	sell	6677.01	1.49e-06	1510396891.974	1510396892.928215
match	sell	6677.01	0.07	1510396897.941	1510396898.8961284
match	sell	6677.01	0.08299851	1510396900.703	1510396901.6905584
match	sell	6677.01	0.11110149	1510396900.703	1510396901.696574
match	sell	6677.01	1.49e-06	1510396901.723	1510396902.6761787
match	sell	6677.01	0.01	1510396907.075	1510396908.0314171
match	sell	6677.01	1.49e-06	1510396911.907	1510396912.8612578
match	sell	6677.01	0.02	1510396914.562	1510396915.5694582
match	sell	6677.01	1.49e-06	1510396922.962	1510396923.916651
match	sell	6677.01	0.06	1510396927.258	1510396928.2120714
match	buy	6677.0	0.1083	1510396931.634	1510396932.595789
match	sell	6677.01	1.49e-06	1510396932.42	1510396933.3728547
match	sell	6677.01	1.49e-06	1510396942.555	1510396943.5088036
match	sell	6677.01	0.06	1510396942.795	1510396943.749444
match	sell	6677.01	0.01	1510396944.42	1510396945.382786
match	sell	6677.01	8.96e-06	1510396945.505	1510396946.4726837
match	sell	6677.01	1.49e-06	1510396952.316	1510396953.2697551
match	sell	6677.01	0.04	1510396953.801	1510396954.755706
match	sell	6677.01	0.00888061	1510396957.81	1510396958.7643638
match	sell	6677.01	0.07937469	1510396957.81	1510396958.7693775
match	sell	6677.01	1.49e-06	1510396962.576	1510396963.5290318
match	buy	6677.0	0.3917	1510396963.046	1510396963.9992821
match	buy	6677.0	0.9624	1510396963.046	1510396964.0063012
match	sell	6677.01	0.09	1510396963.27	1510396964.2288926
match	sell	6677.01	0.01	1510396963.597	1510396964.5517511
match	sell	6672.76	1.49e-06	1510396972.567	1510396973.5185916
match	sell	6669.99	1.49e-06	1510396982.484	1510396983.4387925
match	sell	6669.99	1.49e-06	1510396991.986	1510396992.9429908
match	buy	6669.98	0.01	1510396993.8	1510396994.7578158
match	buy	6669.93	0.0175945	1510396993.8	1510396994.7638316
match	buy	6669.73	0.01	1510396993.8	1510396994.8139653
match	buy	6669.28	0.0395982	1510396993.8	1510396994.8189788
match	buy	6668.41	0.01	1510396993.8	1510396994.821987
match	buy	6666.6	0.0401073	1510396993.8	1510396994.827
match	sell	6669.53	8.97e-06	1510396998.34	1510396999.2958813
match	sell	6666.05	1.49e-06	1510397001.979	1510397002.9481306
match	sell	6666.05	0.01	1510397002.993	1510397003.9500318
match	sell	6666.01	0.01143761	1510397010.513	1510397011.4689176
match	sell	6666.01	0.00856239	1510397010.513	1510397011.4709227
match	sell	6666.01	1.49e-06	1510397011.968	1510397012.9442945
match	sell	6666.01	1.49e-06	1510397021.955	1510397022.911841
match	sell	6666.01	0.2367	1510397025.052	1510397026.0065653
match	buy	6666.0	0.01	1510397029.27	1510397030.2338042
match	sell	6666.01	1.49e-06	1510397032.053	1510397033.0540044
match	sell	6666.01	1.49e-06	1510397041.971	1510397042.926252
match	sell	6666.01	1.49e-06	1510397051.467	1510397052.422593
match	buy	6666.0	1.07073855	1510397056.152	1510397057.1120613
match	buy	6666.0	0.32	1510397056.152	1510397057.1180766
match	buy	6666.0	0.45486145	1510397056.152	1510397057.1220877
match	sell	6666.01	0.02992813	1510397056.744	1510397057.6996229
match	sell	6666.01	1.49e-06	1510397061.433	1510397062.3910966
match	sell	6666.01	8.97e-06	1510397064.456	1510397065.4111254
match	sell	6666.01	1.49e-06	1510397071.77	1510397072.7245703
match	sell	6666.01	0.12245746	1510397076.039	1510397076.9939213
match	sell	6666.01	1.49e-06	1510397081.442	1510397082.3992927
match	buy	6666.0	0.269	1510397087.335	1510397088.290957
match	buy	6666.0	0.1	1510397087.335	1510397088.2949677
match	buy	6666.0	0.0734	1510397087.335	1510397088.299981
match	sell	6665.85	1.49e-06	1510397091.52	1510397092.4760842
match	sell	6665.85	0.18718404	1510397094.142	1510397095.0970523
match	sell	6665.85	1.49e-06	1510397102.54	1510397103.4983895
match	sell	6665.85	0.11281298	1510397102.8	1510397103.7590826
match	sell	6665.85	0.01830108	1510397102.8	1510397103.764096
match	buy	6665.84	0.01	1510397103.719	1510397104.6755192
match	buy	6665.0	0.19	1510397103.719	1510397104.6865482
match	sell	6665.25	0.13169267	1510397105.377	1510397106.3309202
match	sell	6665.2	0.03279	1510397105.881	1510397106.8593254
match	sell	6665.19	0.27930733	1510397105.959	1510397106.9164772
match	sell	6665.19	2.244e-05	1510397106.026	1510397106.9986956
match	sell	6665.01	1.49e-06	1510397111.959	1510397112.9194372
match	sell	6665.01	0.60659851	1510397118.824	1510397119.781682
match	sell	6665.01	0.12240149	1510397118.824	1510397119.7887006
match	sell	6665.01	1.49e-06	1510397122.037	1510397122.9942234
match	sell	6665.01	0.22533729	1510397126.713	1510397127.6686516
match	sell	6665.01	1.49e-06	1510397131.969	1510397132.9276335
match	sell	6665.01	8.97e-06	1510397135.542	1510397136.510159
match	sell	6665.01	0.01	1510397137.247	1510397138.2026584
match	sell	6665.01	1.49e-06	1510397142.014	1510397142.9733427
match	sell	6665.01	0.02	1510397144.704	1510397145.6603694
match	sell	6665.01	0.1005	1510397150.172	1510397151.1349247
match	sell	6665.01	1.49e-06	1510397151.975	1510397152.9317017
match	sell	6665.01	1.49e-06	1510397161.859	1510397162.8156962
match	sell	6665.01	1.49e-06	1510397171.39	1510397172.3470376
match	sell	6665.01	1.79595751	1510397175.137	1510397176.0949697
match	sell	6665.01	1.49e-06	1510397181.385	1510397182.345592
match	sell	6665.01	0.2151	1510397181.705	1510397182.7015383
match	sell	6665.01	8.97e-06	1510397185.368	1510397186.327178
match	sell	6665.01	1.49e-06	1510397191.38	1510397192.3373027
match	sell	6665.01	1.49e-06	1510397201.422	1510397202.3809733
match	buy	6665.0	0.05305894	1510397201.883	1510397202.883309
match	buy	6665.0	0.03474453	1510397201.883	1510397202.887319
match	buy	6665.0	0.08073443	1510397205.39	1510397206.3479073
match	buy	6665.0	0.22277522	1510397206.06	1510397207.0347335
match	buy	6665.0	0.06170566	1510397206.61	1510397207.5671492
match	buy	6665.0	0.05604939	1510397209.156	1510397210.133973
match	sell	6665.01	1.49e-06	1510397211.423	1510397212.3809474
match	sell	6665.01	0.016	1510397212.746	1510397213.7044659
match	sell	6665.01	1.49e-06	1510397222.23	1510397223.1926928
match	sell	6665.01	0.01	1510397230.09	1510397231.048579
match	sell	6665.01	1.49e-06	1510397231.918	1510397232.8814523
match	sell	6665.01	0.02721	1510397232.236	1510397233.2043116
match	sell	6665.01	8.97e-06	1510397237.696	1510397238.654802
match	sell	6665.01	1.49e-06	1510397241.826	1510397242.791801
match	sell	6665.01	1.49e-06	1510397251.805	1510397252.7813609
match	sell	6665.01	1.49e-06	1510397262.048	1510397263.0085516
match	sell	6665.01	1.49e-06	1510397271.843	1510397272.8005865
match	sell	6665.01	0.0367706	1510397275.301	1510397276.2587807
match	sell	6665.01	0.0668294	1510397275.301	1510397276.2657998
match	sell	6665.01	1.49e-06	1510397282.764	1510397283.7246304
match	sell	6665.01	1.49e-06	1510397292.469	1510397293.4274275
match	sell	6665.01	1.49e-06	1510397302.338	1510397303.2966669
match	sell	6665.01	8.97e-06	1510397305.376	1510397306.3568032
match	sell	6665.01	0.1673	1510397306.595	1510397307.555991
match	sell	6665.01	1.49e-06	1510397312.28	1510397313.2411067
match	sell	6665.01	0.03601727	1510397317.408	1510397318.3677368
match	sell	6665.01	0.14398273	1510397317.434	1510397318.3928044
match	sell	6665.01	1.49e-06	1510397322.317	1510397323.2767885
match	sell	6665.01	1.49e-06	1510397332.525	1510397333.4879372
match	buy	6665.0	0.0702	1510397337.799	1510397338.7659702
match	sell	6665.01	1.49e-06	1510397342.583	1510397343.5426702
match	sell	6665.01	1.49e-06	1510397351.972	1510397352.93063
match	sell	6665.01	8.97e-06	1510397358.74	1510397359.7006297
match	sell	6665.01	0.06	1510397359.057	1510397360.0184746
match	sell	6665.01	1.49e-06	1510397362.042	1510397363.0074213
match	sell	6665.01	0.9567	1510397368.971	1510397369.929826
match	sell	6665.01	0.01	1510397370.393	1510397371.3506036
match	sell	6665.01	1.49e-06	1510397372.01	1510397372.9989865
match	sell	6665.01	1.49e-06	1510397381.96	1510397382.9203644
match	sell	6665.01	1.49e-06	1510397392.141	1510397393.1024356
match	sell	6665.01	0.0546	1510397400.414	1510397401.3774366
match	sell	6665.01	1.49e-06	1510397402.125	1510397403.0950038
match	buy	6665.0	0.47804733	1510397403.926	1510397404.8857641
match	buy	6664.55	0.00152532	1510397403.926	1510397404.8917804
match	buy	6664.55	0.00847468	1510397403.947	1510397404.9108312
match	buy	6661.0	0.01	1510397403.947	1510397404.916847
match	buy	6660.71	0.03	1510397403.947	1510397404.9178498
match	buy	6660.13	0.016382	1510397403.947	1510397404.9268742
match	buy	6660.0	0.05	1510397403.947	1510397404.9298818
match	buy	6660.0	0.01	1510397403.947	1510397404.934895
match	buy	6659.97	0.01	1510397403.947	1510397404.9379032
match	buy	6659.0	0.48124332	1510397403.947	1510397404.9429173
match	buy	6659.0	0.01875668	1510397403.947	1510397404.9559517
match	buy	6658.0	0.72574021	1510397403.947	1510397404.9559517
match	buy	6658.0	0.2742	1510397404.659	1510397405.66283
match	sell	6658.01	0.08600208	1510397406.511	1510397407.4926953
match	sell	6658.01	0.12	1510397406.519	1510397407.4997141
match	sell	6658.01	0.58399792	1510397406.594	1510397407.5979755
match	sell	6658.01	0.000685	1510397406.594	1510397407.5979755
match	sell	6658.01	0.01	1510397406.613	1510397407.619032
match	buy	6658.0	5.979e-05	1510397408.067	1510397409.0418143
match	buy	6656.62	0.1	1510397408.067	1510397409.0418143
match	buy	6656.62	0.01229336	1510397408.067	1510397409.0428169
match	buy	6655.84	0.08714685	1510397408.067	1510397409.0428169
match	buy	6655.84	3.315e-05	1510397408.629	1510397409.685923
match	buy	6655.29	0.33106685	1510397408.629	1510397409.685923
match	sell	6655.3	1.49e-06	1510397411.578	1510397412.5746036
match	sell	6655.3	1.49e-06	1510397421.637	1510397422.6002586
match	sell	6655.3	0.02423875	1510397427.091	1510397428.0527554
match	sell	6655.3	0.16576125	1510397427.132	1510397428.0948677
match	buy	6655.29	0.66893315	1510397431.017	1510397431.977189
match	buy	6655.0	0.01	1510397431.017	1510397431.9842083
match	buy	6654.36	0.23	1510397431.017	1510397431.9912267
match	buy	6653.42	0.01	1510397431.017	1510397431.9952374
match	buy	6653.42	0.01	1510397431.017	1510397432.0002506
match	buy	6651.71	0.75	1510397431.017	1510397432.0052643
match	buy	6651.27	0.69591521	1510397431.017	1510397432.0092754
match	buy	6651.0	0.01	1510397431.017	1510397432.0132859
match	buy	6651.0	0.01	1510397431.017	1510397432.017296
match	buy	6651.0	0.084	1510397431.017	1510397432.0213065
match	buy	6651.0	0.26311952	1510397431.017	1510397432.0486276
match	buy	6650.2	0.73629051	1510397431.017	1510397432.0486276
match	buy	6650.07	0.2	1510397431.017	1510397432.051636
match	buy	6650.07	0.175274	1510397431.017	1510397432.0576515
match	buy	6650.03	0.125	1510397431.017	1510397432.061662
match	buy	6650.03	0.5	1510397431.017	1510397432.0646703
match	buy	6650.02	0.5	1510397431.017	1510397432.0807128
match	buy	6650.02	5.44484379	1510397431.017	1510397432.0867288
match	buy	6650.02	0.59024037	1510397431.017	1510397432.091742
match	sell	6652.66	1.49e-06	1510397431.573	1510397432.575027
match	buy	6650.02	0.5557	1510397431.738	1510397432.7000494
match	buy	6650.02	0.71207707	1510397433.703	1510397434.66327
match	buy	6650.02	0.8118619	1510397433.703	1510397434.6672797
match	buy	6650.02	0.04063802	1510397433.703	1510397434.6702876
match	buy	6650.0	0.05	1510397433.703	1510397434.672293
match	buy	6650.0	0.04511278	1510397433.703	1510397434.6783092
match	buy	6650.0	0.08270676	1510397433.703	1510397434.6803145
match	buy	6650.0	0.05	1510397433.703	1510397434.6853275
match	buy	6650.0	0.1	1510397433.703	1510397434.6873333
match	buy	6650.0	0.39160347	1510397433.703	1510397434.6893387
match	buy	6650.0	0.5	1510397433.703	1510397434.697359
match	buy	6650.0	1.10839653	1510397433.703	1510397434.7344582
match	buy	6650.0	0.05	1510397433.703	1510397434.7344582
match	buy	6650.0	0.01	1510397433.703	1510397434.7344582
match	buy	6650.0	0.03053609	1510397433.703	1510397434.7354615
match	buy	6650.0	3.32006738	1510397433.703	1510397434.7354615
match	buy	6650.0	0.18304819	1510397433.703	1510397434.7354615
match	buy	6650.0	0.11197173	1510397433.703	1510397434.7484956
match	buy	6650.0	0.85866594	1510397433.703	1510397434.752506
match	sell	6650.01	9e-06	1510397438.161	1510397439.1217422
match	sell	6650.01	1.5e-06	1510397441.602	1510397442.5598826
match	buy	6650.0	2.26500053	1510397442.09	1510397443.0501866
match	sell	6650.01	1.5e-06	1510397451.569	1510397452.5303917
match	sell	6650.01	0.09933347	1510397455.959	1510397456.9210656
match	buy	6650.0	0.05737478	1510397457.963	1510397458.9263968
match	sell	6650.01	1.5e-06	1510397462.362	1510397463.3230863
match	sell	6650.01	0.02400011	1510397462.661	1510397463.620878
match	sell	6650.01	0.1496	1510397463.231	1510397464.1923978
match	sell	6650.01	0.00015	1510397465.833	1510397466.8013344
match	buy	6650.0	0.37387145	1510397471.453	1510397472.4142578
match	buy	6650.0	0.12612855	1510397471.453	1510397472.4192708
match	sell	6650.01	1.5e-06	1510397471.972	1510397472.9336383
match	buy	6650.0	0.01119895	1510397477.584	1510397478.5455587
match	sell	6650.01	9e-06	1510397479.473	1510397480.432576
match	sell	6650.01	1.5e-06	1510397482.02	1510397483.0124352
match	buy	6650.0	0.4076325	1510397483.9	1510397484.863356
match	buy	6650.0	0.9352375	1510397483.9	1510397484.8693721
match	buy	6650.0	0.14591198	1510397488.263	1510397489.22395
match	sell	6650.01	1.5e-06	1510397492.057	1510397493.0551357
match	buy	6650.0	0.01885052	1510397494.313	1510397495.275038
match	buy	6650.0	0.01594948	1510397494.313	1510397495.2800512
match	buy	6650.0	0.08405052	1510397498.697	1510397499.6586928
match	buy	6650.0	0.07731779	1510397498.697	1510397499.663706
match	buy	6650.0	0.05953457	1510397500.794	1510397501.7542644
match	buy	6650.0	0.44046543	1510397500.794	1510397501.7602804
match	sell	6650.01	1.5e-06	1510397503.482	1510397504.4424117
match	buy	6650.0	1.34287	1510397510.906	1510397511.8671522
match	sell	6650.01	1.5e-06	1510397511.96	1510397512.9229586
match	buy	6650.0	0.44556419	1510397512.698	1510397513.660921
match	buy	6650.0	1.34287	1510397517.287	1510397518.2711785
match	buy	6650.0	0.39117067	1510397519.652	1510397520.6134055
match	sell	6650.01	1.5e-06	1510397521.947	1510397522.9355793
match	sell	6650.01	0.4234	1510397525.624	1510397526.5882912
match	buy	6650.0	0.29542613	1510397527.951	1510397528.9184868
match	buy	6650.0	0.40079361	1510397529.158	1510397530.1196811
match	buy	6650.0	0.5	1510397530.168	1510397531.1343782
match	sell	6650.01	1.5e-06	1510397531.563	1510397532.5240726
match	buy	6650.0	0.3316	1510397533.347	1510397534.3088179
match	buy	6650.0	9.1154283	1510397534.541	1510397535.5029926
match	sell	6650.01	0.20080145	1510397537.537	1510397538.498958
match	sell	6650.01	1.5e-06	1510397541.396	1510397542.358219
match	sell	6650.01	9e-06	1510397544.337	1510397545.3040514
match	buy	6650.0	1.0	1510397544.511	1510397545.482526
match	buy	6650.0	0.3671504	1510397548.449	1510397549.409968
match	buy	6650.0	0.17152011	1510397549.345	1510397550.3093588
match	sell	6650.01	1.5e-06	1510397551.466	1510397552.441027
match	buy	6650.0	0.02366547	1510397551.761	1510397552.7227752
match	buy	6650.0	0.20498963	1510397553.493	1510397554.455382
match	buy	6650.0	0.07703337	1510397553.998	1510397554.9607258
match	buy	6650.0	0.92217459	1510397556.732	1510397557.7250752
match	buy	6650.0	3.8526	1510397556.732	1510397557.7260783
match	sell	6650.01	0.77028665	1510397557.163	1510397558.1251388
match	sell	6650.01	0.12971335	1510397557.184	1510397558.149203
match	sell	6650.01	0.00708665	1510397557.184	1510397558.1542168
match	buy	6650.0	0.08228	1510397559.615	1510397560.5766568
match	buy	6650.0	0.09326905	1510397560.833	1510397561.7989066
match	sell	6650.01	1.5e-06	1510397561.426	1510397562.3985007
match	buy	6650.0	0.26692821	1510397562.842	1510397563.8042383
match	buy	6650.0	0.09852356	1510397569.562	1510397570.525107
match	sell	6650.01	1.5e-06	1510397571.45	1510397572.4321773
match	buy	6650.0	0.02063788	1510397577.624	1510397578.5895483
match	buy	6650.0	0.04646294	1510397580.686	1510397581.6486814
match	sell	6650.01	1.5e-06	1510397582.311	1510397583.2960615
match	sell	6650.01	0.89290885	1510397588.606	1510397589.5697415
match	sell	6650.01	0.01	1510397588.606	1510397589.5747547
match	sell	6650.01	0.01	1510397588.606	1510397589.6068408
match	sell	6650.01	0.05229115	1510397588.606	1510397589.6068408
match	sell	6650.01	1.5e-06	1510397591.843	1510397592.8053436
match	sell	6650.01	9e-06	1510397597.089	1510397598.051292
match	sell	6650.01	1.5e-06	1510397601.848	1510397602.8109462
match	buy	6650.0	0.21939313	1510397606.817	1510397607.7811604
match	buy	6650.0	0.13421871	1510397607.607	1510397608.5692377
match	buy	6650.0	0.18063857	1510397607.895	1510397608.8730457
match	sell	6650.01	1.5e-06	1510397611.827	1510397612.7904606
match	buy	6650.0	0.05106041	1510397617.108	1510397618.0704987
match	sell	6650.01	0.1469	1510397620.018	1510397620.980235
match	sell	6650.01	1.5e-06	1510397621.873	1510397622.8371723
match	sell	6650.01	1.5e-06	1510397631.886	1510397632.8517983
match	buy	6650.0	0.04825924	1510397640.997	1510397641.9600146
match	sell	6650.01	1.5e-06	1510397642.769	1510397643.734733
match	buy	6650.0	0.13919259	1510397645.766	1510397646.729696
match	buy	6650.0	1.9525	1510397651.15	1510397652.114011
match	sell	6650.01	1.5e-06	1510397652.539	1510397653.5027037
match	sell	6650.01	1.5e-06	1510397662.306	1510397663.2756875
match	sell	6650.01	9e-06	1510397664.194	1510397665.1586938
match	buy	6650.0	0.15230061	1510397665.561	1510397666.5323453
match	sell	6650.01	1.5e-06	1510397672.391	1510397673.3534813
match	buy	6650.0	0.09206263	1510397682.946	1510397683.94464
match	sell	6650.01	1.5e-06	1510397683.045	1510397684.0088108
match	sell	6650.01	0.2585	1510397684.318	1510397685.2932258
match	sell	6650.01	1.5e-06	1510397692.296	1510397693.2644196
match	sell	6650.01	1.5e-06	1510397702.391	1510397703.3612635
match	buy	6650.0	0.17	1510397703.218	1510397704.182447
match	sell	6650.01	1.5e-06	1510397711.866	1510397712.8354526
match	buy	6650.0	0.0158	1510397714.72	1510397715.6870341
match	sell	6650.01	1.5e-06	1510397721.921	1510397722.884169
match	sell	6650.01	9e-06	1510397727.888	1510397728.853039
match	sell	6650.01	1.5e-06	1510397731.722	1510397732.687233
match	sell	6650.01	1.5e-06	1510397741.687	1510397742.651726
match	sell	6650.01	0.33225785	1510397745.586	1510397746.5490882
match	sell	6650.01	0.25744215	1510397745.586	1510397746.5520966
match	buy	6650.0	0.58209766	1510397745.946	1510397746.91105
match	buy	6650.0	0.58485367	1510397750.693	1510397751.6646893
match	sell	6650.01	1.5e-06	1510397751.7	1510397752.6713653
match	buy	6650.0	0.0449786	1510397752.83	1510397753.7953541
match	buy	6650.0	0.26640272	1510397753.623	1510397754.586457
match	buy	6650.0	0.07957554	1510397761.654	1510397762.6208184
match	sell	6650.01	1.5e-06	1510397762.579	1510397763.5452762
match	buy	6650.0	0.43959	1510397772.132	1510397773.0946653
match	sell	6650.01	1.5e-06	1510397772.34	1510397773.3094022
match	sell	6650.01	0.2849	1510397776.443	1510397777.4267185
match	sell	6650.01	1.5e-06	1510397782.095	1510397783.0606978
match	buy	6650.0	0.09195899	1510397783.817	1510397784.7812724
match	buy	6650.0	0.02957341	1510397783.861	1510397784.8263924
match	sell	6650.01	9e-06	1510397784.423	1510397785.387885
match	buy	6650.0	0.5801135	1510397786.847	1510397787.812331
match	buy	6650.0	0.04607136	1510397787.683	1510397788.6525655
match	buy	6650.0	0.69911192	1510397790.772	1510397791.7377677
match	sell	6650.01	1.5e-06	1510397792.142	1510397793.11142
match	buy	6650.0	0.10989	1510397800.208	1510397801.181877
match	sell	6650.01	1.5e-06	1510397802.161	1510397803.1280518
match	buy	6650.0	0.0847	1510397808.709	1510397809.6945095
match	sell	6650.01	1.5e-06	1510397812.092	1510397813.0586448
match	buy	6650.0	0.06812281	1510397815.653	1510397816.6181085
match	buy	6650.0	0.49228907	1510397817.073	1510397818.0388858
match	buy	6650.0	0.01487215	1510397817.87	1510397818.8350024
match	buy	6650.0	0.31180858	1510397818.051	1510397819.0164852
match	buy	6650.0	0.23317231	1510397820.337	1510397821.3025627
match	sell	6650.01	1.5e-06	1510397821.868	1510397822.8336341
match	buy	6650.0	1.0	1510397822.568	1510397823.5365026
match	sell	6650.01	1.5e-06	1510397831.448	1510397832.4141057
match	sell	6650.01	9e-06	1510397838.85	1510397839.8177898
match	buy	6650.0	0.5129	1510397839.507	1510397840.4735332
match	sell	6650.01	1.5e-06	1510397841.447	1510397842.4177024
match	sell	6650.01	1.5e-06	1510397851.447	1510397852.4112725
match	buy	6650.0	0.01063828	1510397855.247	1510397856.2153866
match	buy	6650.0	0.05680436	1510397858.467	1510397859.4449732
match	buy	6650.0	0.08291909	1510397860.882	1510397861.8533769
match	sell	6650.01	1.5e-06	1510397861.523	1510397862.4900694
match	buy	6650.0	1.34287	1510397865.864	1510397866.83462
match	buy	6650.0	0.51182278	1510397867.525	1510397868.4920266
match	buy	6650.0	0.05691431	1510397869.318	1510397870.2837903
match	buy	6650.0	0.50146193	1510397870.651	1510397871.6173358
match	buy	6650.0	1.3417	1510397870.875	1510397871.8529627
match	sell	6650.01	1.5e-06	1510397871.438	1510397872.403426
match	buy	6650.0	1.34287	1510397873.402	1510397874.3696537
match	buy	6650.0	0.10972436	1510397874.177	1510397875.1437118
match	buy	6650.0	0.39937524	1510397875.034	1510397875.999988
match	buy	6650.0	0.2410648	1510397877.918	1510397878.8826525
match	buy	6650.0	1.34287	1510397878.214	1510397879.1804442
match	sell	6650.01	1.5e-06	1510397882.304	1510397883.2733262
match	buy	6650.0	0.37978114	1510397883.277	1510397884.2489197
match	sell	6650.01	1.5e-06	1510397892.1	1510397893.0673656
match	buy	6650.0	0.04546037	1510397892.324	1510397893.2909608
match	buy	6650.0	0.05118071	1510397893.479	1510397894.446031
match	sell	6650.01	1.5e-06	1510397901.82	1510397902.7902162
match	buy	6650.0	0.2582	1510397902.161	1510397903.1391442
match	buy	6650.0	0.04595387	1510397902.358	1510397903.32564
match	sell	6650.01	9e-06	1510397905.386	1510397906.3677275
match	sell	6650.01	1.5e-06	1510397911.859	1510397912.8248954
match	buy	6650.0	0.14621788	1510397917.881	1510397918.8539252
match	buy	6650.0	0.02	1510397919.725	1510397920.6928144
match	sell	6650.01	1.5e-06	1510397921.824	1510397922.7933996
match	buy	6650.0	0.1511271	1510397923.111	1510397924.0828276
match	buy	6650.0	0.05099541	1510397923.124	1510397924.0938568
match	buy	6650.0	0.08106591	1510397923.25	1510397924.221195
match	buy	6650.0	0.21900385	1510397930.51	1510397931.479493
match	buy	6650.0	0.14844619	1510397930.623	1510397931.590789
match	sell	6650.01	1.5e-06	1510397931.812	1510397932.7789478
match	buy	6650.0	0.247	1510397933.283	1510397934.253869
match	buy	6650.0	0.04985608	1510397933.574	1510397934.549656
match	sell	6650.01	1.5e-06	1510397942.883	1510397943.8503842
match	buy	6650.0	0.67932771	1510397943.414	1510397944.3797913
match	buy	6650.0	0.04985608	1510397943.456	1510397944.4239094
match	buy	6650.0	0.04983541	1510397946.793	1510397947.76078
match	buy	6650.0	0.41204226	1510397947.09	1510397948.0565667
match	buy	6650.0	0.01419923	1510397949.317	1510397950.2885008
match	buy	6650.0	0.05003936	1510397951.507	1510397952.4733098
match	buy	6650.0	0.07203491	1510397952.225	1510397953.1932237
match	sell	6650.01	1.5e-06	1510397952.413	1510397953.3857358
match	buy	6650.0	0.88248799	1510397953.564	1510397954.5347908
match	buy	6650.0	0.0204881	1510397954.145	1510397955.1123261
match	sell	6650.01	9e-06	1510397958.409	1510397959.376664
match	sell	6650.01	1.5e-06	1510397962.192	1510397963.16273
match	sell	6650.01	0.1753	1510397964.651	1510397965.619261
match	sell	6650.01	5.1e-05	1510397964.867	1510397965.8348343
match	buy	6650.0	3.57079414	1510397966.47	1510397967.4421077
match	sell	6650.01	1.5e-06	1510397972.198	1510397973.1653237
match	buy	6650.0	0.0144976	1510397977.69	1510397978.663943
match	buy	6650.0	1.0	1510397980.617	1510397981.5857117
match	sell	6650.01	1.5e-06	1510397982.211	1510397983.2080245
match	buy	6650.0	0.64350188	1510397991.953	1510397992.9368918
match	buy	6650.0	0.35811422	1510397991.988	1510397992.9579475
match	buy	6650.0	0.45506803	1510397992.026	1510397992.9920375
match	buy	6650.0	0.48921266	1510397992.219	1510397993.1935737
match	buy	6650.0	0.01	1510397992.352	1510397993.335952
match	sell	6650.01	1.5e-06	1510397992.464	1510397993.4372213
match	buy	6650.0	0.35433726	1510397995.553	1510397996.519416
match	sell	6650.01	0.1799	1510397995.789	1510397996.757048
match	buy	6650.0	0.02	1510397995.949	1510397996.9174743
match	sell	6650.01	0.10233335	1510397998.141	1510397999.1103048
match	sell	6650.01	1.0	1510397998.141	1510397999.1143153
match	sell	6650.01	0.20987287	1510397998.141	1510397999.151414
match	sell	6650.01	0.00181311	1510398000.938	1510398001.9087448
match	buy	6650.0	0.11491859	1510398000.989	1510398001.9618864
match	sell	6650.01	2.4e-05	1510398001.508	1510398002.4782763
match	buy	6650.0	0.1390619	1510398002.755	1510398003.723587
match	sell	6650.01	1.5e-06	1510398002.766	1510398003.7346165
match	buy	6650.0	0.10276925	1510398004.008	1510398004.9789245
match	sell	6650.01	2.25e-05	1510398005.669	1510398006.639339
match	buy	6650.0	0.21048318	1510398006.107	1510398007.0775042
match	buy	6650.0	0.11294831	1510398007.651	1510398008.6186013
match	buy	6650.0	0.10052541	1510398007.69	1510398008.6597104
match	buy	6650.0	0.16451665	1510398010.719	1510398011.6877613
match	sell	6650.01	1.5e-06	1510398012.156	1510398013.1245813
match	buy	6650.0	0.23891251	1510398013.707	1510398014.676708
match	buy	6650.0	0.22808744	1510398014.759	1510398015.727502
match	buy	6650.0	0.41245227	1510398019.371	1510398020.3387623
match	sell	6650.01	1.5e-06	1510398021.888	1510398022.8564556
match	buy	6650.0	0.09757339	1510398024.697	1510398025.6749494
match	sell	6650.01	0.01442556	1510398025.429	1510398026.3968694
match	buy	6650.0	0.2856	1510398027.002	1510398027.9704561
match	sell	6650.01	1.5e-06	1510398031.913	1510398032.881461
match	sell	6650.01	0.21379807	1510398033.967	1510398034.9369256
match	buy	6650.0	1.03848582	1510398039.67	1510398040.6390862
match	sell	6650.01	1.5e-06	1510398041.981	1510398042.9489744
match	buy	6650.0	0.10115791	1510398045.351	1510398046.3212197
match	buy	6650.0	0.35395912	1510398047.243	1510398048.235309
match	sell	6650.01	1.5e-06	1510398051.855	1510398052.8365421
match	sell	6650.01	9e-06	1510398054.136	1510398055.1196132
match	buy	6650.0	0.16043064	1510398056.396	1510398057.364581
match	sell	6650.01	0.14102589	1510398058.204	1510398059.1753953
match	sell	6650.01	0.3	1510398058.204	1510398059.1753953
match	sell	6650.01	0.20277411	1510398058.204	1510398059.1784036
match	sell	6650.01	1.5e-06	1510398062.713	1510398063.6813762
match	sell	6650.01	0.00015	1510398065.929	1510398066.8979278
match	buy	6650.0	0.25	1510398072.216	1510398073.18765
match	sell	6650.01	1.5e-06	1510398072.274	1510398073.2718737
match	sell	6650.01	0.38507289	1510398076.586	1510398077.556271
match	sell	6650.01	0.583	1510398076.586	1510398077.5602813
match	sell	6650.01	0.585	1510398076.586	1510398077.5662973
match	sell	6650.01	1.0	1510398076.586	1510398077.5763247
match	sell	6650.01	0.1	1510398076.586	1510398077.5793324
match	sell	6650.01	0.0153171	1510398076.586	1510398077.5833428
match	sell	6650.01	0.0158147	1510398076.586	1510398077.587354
match	sell	6650.01	0.0164624	1510398076.586	1510398077.5933692
match	sell	6650.01	0.0165151	1510398076.586	1510398077.5953748
match	sell	6650.01	0.0152733	1510398076.586	1510398077.602394
match	sell	6650.01	0.591	1510398076.586	1510398077.6274598
match	sell	6650.01	0.01336445	1510398076.586	1510398077.6274598
match	sell	6650.01	0.01337729	1510398076.586	1510398077.6274598
match	sell	6650.01	0.01346597	1510398076.586	1510398077.6284628
match	sell	6650.01	0.05	1510398076.586	1510398077.6284628
match	sell	6650.01	0.01336914	1510398076.586	1510398077.6284628
match	sell	6650.01	0.01345842	1510398076.586	1510398077.6445053
match	sell	6650.01	0.02	1510398076.586	1510398077.6485162
match	sell	6650.01	0.01343995	1510398076.586	1510398077.6525266
match	sell	6650.01	0.01337244	1510398076.586	1510398077.6565375
match	sell	6650.01	0.01344273	1510398076.586	1510398077.6605482
match	sell	6650.01	0.01342816	1510398076.586	1510398077.6645586
match	sell	6650.01	0.01337115	1510398076.586	1510398077.6695726
match	sell	6650.01	0.01337708	1510398076.586	1510398077.6715775
match	sell	6650.01	0.01205759	1510398076.586	1510398077.6755881
match	sell	6650.01	9e-06	1510398079.431	1510398080.3998308
match	sell	6650.01	1.5e-06	1510398082.227	1510398083.1992745
match	sell	6650.01	0.00137161	1510398083.655	1510398084.6240623
match	sell	6650.01	0.00297841	1510398083.655	1510398084.6280727
match	sell	6650.01	0.00075	1510398089.375	1510398090.3583078
match	sell	6650.01	0.00964378	1510398089.466	1510398090.439524
match	sell	6650.01	0.05	1510398089.466	1510398090.4435346
match	sell	6650.01	0.24745622	1510398089.466	1510398090.477625
match	sell	6650.01	1.5e-06	1510398092.439	1510398093.4074142
match	sell	6650.01	1.5e-06	1510398102.266	1510398103.2335396
match	buy	6650.0	0.24	1510398103.302	1510398104.2873414
match	sell	6650.01	1.5e-06	1510398112.437	1510398113.4095948
match	sell	6650.01	0.4795	1510398120.629	1510398121.6154118
match	sell	6650.01	1.5e-06	1510398122.246	1510398123.279837
match	sell	6650.01	1.5e-06	1510398132.016	1510398132.9856422
match	sell	6650.01	1.5e-06	1510398141.864	1510398142.8358314
match	sell	6650.01	9e-06	1510398145.142	1510398146.1135454
match	sell	6650.01	0.00300001	1510398149.503	1510398150.4731371
match	sell	6650.01	1.5e-06	1510398151.886	1510398152.8584783
match	sell	6650.01	0.1839	1510398152.044	1510398153.0168996
match	buy	6650.0	0.04647312	1510398158.533	1510398159.5061526
match	sell	6650.01	1.5e-06	1510398161.854	1510398162.8269823
match	sell	6650.01	1.5e-06	1510398171.79	1510398172.760392
match	sell	6650.01	0.899997	1510398181.683	1510398182.655701
match	sell	6650.01	0.0743593	1510398181.683	1510398182.6597118
match	sell	6650.01	0.110997	1510398181.683	1510398182.664725
match	sell	6650.01	0.016003	1510398181.683	1510398182.6687357
match	sell	6650.01	0.773	1510398181.683	1510398182.6737492
match	sell	6650.01	0.015	1510398181.683	1510398182.676758
match	sell	6650.01	0.13032678	1510398181.683	1510398182.6807678
match	sell	6650.01	1.5e-06	1510398182.605	1510398183.5773156
match	sell	6650.01	0.0655	1510398183.374	1510398184.344355
match	buy	6650.0	0.02	1510398189.995	1510398190.9970427
match	sell	6650.01	1.5e-06	1510398192.195	1510398193.165809
match	buy	6650.0	9.65702888	1510398196.208	1510398197.1784773
match	sell	6650.01	9e-06	1510398198.13	1510398199.1056013
match	sell	6650.01	1.5e-06	1510398202.224	1510398203.1954746
match	buy	6650.0	0.41154724	1510398208.186	1510398209.1573257
match	buy	6650.0	0.48956267	1510398210.082	1510398211.0563748
match	sell	6650.01	1.5e-06	1510398212.182	1510398213.1519463
match	sell	6650.01	0.60215822	1510398214.58	1510398215.5513258
match	sell	6650.01	0.00014178	1510398214.58	1510398215.5653632
match	buy	6650.0	3.52754519	1510398219.751	1510398220.7361107
match	sell	6650.01	1.5e-06	1510398222.235	1510398223.204674
match	sell	6650.01	1.5e-06	1510398232.189	1510398233.1661587
match	buy	6650.0	1.0133692	1510398237.698	1510398238.670794
match	sell	6650.01	1.5e-06	1510398242.153	1510398243.1276433
match	sell	6650.01	0.622	1510398245.883	1510398246.8635764
match	sell	6650.01	1.5e-06	1510398251.816	1510398252.7863233
match	sell	6650.01	1.5e-06	1510398261.61	1510398262.5815332
match	sell	6650.01	9e-06	1510398265.147	1510398266.1214943
match	sell	6650.01	0.03750017	1510398271.607	1510398272.5876858
match	sell	6650.01	1.5e-06	1510398271.847	1510398272.818352
match	buy	6650.0	0.3653	1510398277.135	1510398278.119446
match	sell	6650.01	1.5e-06	1510398281.586	1510398282.5602531
match	sell	6650.01	1.5e-06	1510398291.855	1510398292.8408947
match	sell	6650.01	1.5e-06	1510398303.025	1510398303.9975574
match	buy	6650.0	0.29	1510398303.335	1510398304.308384
match	sell	6650.01	0.1332	1510398308.398	1510398309.4289682
match	sell	6650.01	1.5e-06	1510398312.24	1510398313.2140317
match	buy	6650.0	0.10164239	1510398318.583	1510398319.5578985
match	sell	6650.01	1.5e-06	1510398322.258	1510398323.2426949
match	sell	6650.01	9e-06	1510398325.788	1510398326.7851133
match	sell	6650.01	0.26159981	1510398331.393	1510398332.3659513
match	sell	6650.01	0.0164938	1510398331.393	1510398332.3729696
match	sell	6650.01	0.01	1510398331.393	1510398332.3769805
match	sell	6650.01	0.01338638	1510398331.393	1510398332.3819938
match	sell	6650.01	0.01338267	1510398331.393	1510398332.385002
match	sell	6650.01	0.01341234	1510398331.393	1510398332.389013
match	sell	6650.01	0.0166522	1510398331.393	1510398332.4040523
match	sell	6650.01	0.01	1510398331.393	1510398332.4120736
match	sell	6650.01	0.01	1510398331.393	1510398332.4143572
match	sell	6650.01	0.01349356	1510398331.393	1510398332.4183688
match	sell	6650.01	0.0160369	1510398331.393	1510398332.436324
match	sell	6650.01	0.0165431	1510398331.393	1510398332.436324
match	sell	6650.01	0.01339486	1510398331.393	1510398332.4423397
match	sell	6650.01	0.01341583	1510398331.393	1510398332.4453473
match	sell	6650.01	0.01350424	1510398331.393	1510398332.4534593
match	sell	6650.01	0.01343496	1510398331.393	1510398332.4534593
match	sell	6650.01	0.01343591	1510398331.393	1510398332.459475
match	sell	6650.01	0.01340488	1510398331.393	1510398332.4614801
match	sell	6650.01	0.01339486	1510398331.393	1510398332.470599
match	sell	6650.01	0.01339486	1510398331.393	1510398332.4746096
match	sell	6650.01	0.01339486	1510398331.393	1510398332.4776177
match	sell	6650.01	0.01340556	1510398331.393	1510398332.482368
match	sell	6650.01	0.01341074	1510398331.393	1510398332.487884
match	sell	6650.01	0.01339486	1510398331.393	1510398332.4908922
match	sell	6650.01	0.01341322	1510398331.393	1510398332.4949028
match	sell	6650.01	0.01341573	1510398331.393	1510398332.5009875
match	sell	6650.01	0.02	1510398331.393	1510398332.5049984
match	sell	6650.01	0.01339486	1510398331.393	1510398332.510011
match	sell	6650.01	0.01339512	1510398331.393	1510398332.5146701
match	sell	6650.01	0.01341549	1510398331.393	1510398332.5181825
match	sell	6650.01	0.01339486	1510398331.393	1510398332.5231955
match	sell	6650.01	0.01339486	1510398331.393	1510398332.5282085
match	sell	6650.01	0.01349173	1510398331.393	1510398332.6128511
match	sell	6650.01	0.15119695	1510398331.393	1510398332.6171494
match	sell	6650.01	1.5e-06	1510398332.221	1510398333.2109475
match	sell	6650.01	0.01308156	1510398337.763	1510398338.7466652
match	sell	6650.01	0.9221	1510398339.528	1510398340.5284023
match	sell	6650.01	1.5e-06	1510398342.307	1510398343.2797174
match	buy	6650.0	0.5	1510398351.441	1510398352.4180138
match	sell	6650.01	1.5e-06	1510398352.232	1510398353.2181406
match	sell	6650.01	1.5e-06	1510398362.014	1510398362.9908001
match	sell	6650.01	0.03990018	1510398364.478	1510398365.451342
match	sell	6650.01	0.189	1510398370.729	1510398371.7220142
match	sell	6650.01	1.5e-06	1510398371.65	1510398372.6665251
match	sell	6650.01	0.77109532	1510398377.501	1510398378.511704
match	sell	6650.01	0.09821597	1510398377.501	1510398378.512707
match	sell	6650.01	1.5e-06	1510398381.64	1510398382.6126072
match	sell	6650.01	9e-06	1510398383.777	1510398384.750291
match	sell	6650.01	1.5e-06	1510398391.63	1510398392.6061776
match	sell	6650.01	0.00300001	1510398392.87	1510398393.843467
match	sell	6650.01	1.5e-06	1510398401.621	1510398402.5957367
match	sell	6650.01	0.0117	1510398402.533	1510398403.5542853
match	sell	6650.01	1.5e-06	1510398411.629	1510398412.602342
match	sell	6650.01	0.41474896	1510398412.616	1510398413.5989914
match	sell	6650.01	1.5e-06	1510398422.461	1510398423.4341404
match	sell	6650.01	1.5e-06	1510398432.017	1510398432.9905481
match	buy	6650.0	0.4309	1510398433.781	1510398434.75524
match	sell	6650.01	9e-06	1510398438.012	1510398438.9894981
match	sell	6650.01	1.5e-06	1510398442.003	1510398442.9770997
match	sell	6650.01	1.5e-06	1510398451.995	1510398452.971673
match	sell	6650.01	1.5e-06	1510398462.124	1510398463.098597
match	sell	6650.01	0.0737	1510398465.301	1510398466.2760453
match	sell	6650.01	1.5e-06	1510398471.996	1510398472.97285
match	sell	6650.01	1.5e-06	1510398481.86	1510398482.8360736
match	sell	6650.01	1.5e-06	1510398491.429	1510398492.4085243
match	buy	6650.0	2.0001	1510398496.627	1510398497.6033359
match	sell	6650.01	1.5e-06	1510398501.432	1510398502.4081104
match	buy	6650.0	0.27	1510398503.532	1510398504.5117033
match	sell	6650.01	9e-06	1510398504.969	1510398505.944513
match	sell	6650.01	1.5e-06	1510398511.359	1510398512.3465338
match	sell	6650.01	0.00300001	1510398519.183	1510398520.1583035
match	sell	6650.01	1.5e-06	1510398521.387	1510398522.3661733
match	sell	6650.01	0.0209	1510398527.973	1510398528.955693
match	sell	6650.01	1.5e-06	1510398531.42	1510398532.396842
match	sell	6650.01	1.5e-06	1510398542.612	1510398543.5865924
match	buy	6650.0	0.1071118	1510398543.712	1510398544.6905277
match	sell	6650.01	1.5e-06	1510398551.836	1510398552.8151288
match	sell	6650.01	0.09000042	1510398556.524	1510398557.500586
match	sell	6650.01	9e-06	1510398557.709	1510398558.6867397
match	buy	6650.0	1.82906135	1510398558.421	1510398559.3976297
match	sell	6650.01	0.28467163	1510398559.319	1510398560.2970212
match	sell	6650.01	0.204	1510398559.319	1510398560.303037
match	sell	6650.01	0.602	1510398559.319	1510398560.3080504
match	sell	6650.01	0.98762837	1510398559.319	1510398560.3120608
match	sell	6650.01	1.5e-06	1510398561.828	1510398562.8117068
match	sell	6650.01	1.5e-06	1510398571.823	1510398572.7982585
match	sell	6650.01	1.5e-06	1510398581.802	1510398582.8008525
match	sell	6650.01	0.01236713	1510398591.76	1510398592.7372708
match	sell	6650.01	0.1	1510398591.76	1510398592.7462947
match	sell	6650.01	0.05302544	1510398591.76	1510398592.7503052
match	sell	6650.01	0.01638356	1510398591.76	1510398592.7553189
match	sell	6650.01	0.01609977	1510398591.76	1510398592.7603328
match	sell	6650.01	0.01518769	1510398591.76	1510398592.7643428
match	sell	6650.01	0.01540216	1510398591.76	1510398592.769356
match	sell	6650.01	0.01554621	1510398591.76	1510398592.7733665
match	sell	6650.01	0.01587389	1510398591.76	1510398592.77838
match	sell	6650.01	0.01610329	1510398591.76	1510398592.78282
match	sell	6650.01	0.01618139	1510398591.76	1510398592.8097467
match	sell	6650.01	0.01622669	1510398591.76	1510398592.8097467
match	sell	6650.01	0.01626605	1510398591.76	1510398592.8097467
match	sell	6650.01	0.01	1510398591.76	1510398592.8097467
match	sell	6650.01	0.01579541	1510398591.76	1510398592.8439798
match	sell	6650.01	0.0156692	1510398591.76	1510398592.845986
match	sell	6650.01	0.0159088	1510398591.76	1510398592.845986
match	sell	6650.01	0.0156959	1510398591.76	1510398592.845986
match	sell	6650.01	0.01589491	1510398591.76	1510398592.845986
match	sell	6650.01	0.01639131	1510398591.76	1510398592.845986
match	sell	6650.01	1.0	1510398591.76	1510398592.845986
match	sell	6650.01	0.02	1510398591.76	1510398592.845986
match	sell	6650.01	0.01591669	1510398591.76	1510398592.8509986
match	sell	6650.01	0.18566451	1510398591.76	1510398592.856012
match	sell	6650.01	1.5e-06	1510398592.327	1510398593.3052003
match	sell	6650.01	1.5e-06	1510398602.116	1510398603.0922213
match	sell	6650.01	1.5e-06	1510398611.761	1510398612.7388694
match	sell	6650.01	1.5e-06	1510398621.952	1510398622.9349782
match	sell	6650.01	0.1446	1510398622.816	1510398623.792257
match	buy	6650.0	0.27919586	1510398628.103	1510398629.0923488
match	sell	6650.01	1.5e-06	1510398631.701	1510398632.676879
match	buy	6650.0	0.03999369	1510398634.512	1510398635.4903593
match	sell	6650.01	9e-06	1510398635.496	1510398636.4709663
match	buy	6650.0	0.08371021	1510398636.128	1510398637.1166832
match	buy	6650.0	1.0	1510398636.431	1510398637.407456
match	buy	6650.0	0.02044665	1510398637.841	1510398638.8182073
match	buy	6650.0	0.2456958	1510398639.8	1510398640.787443
match	buy	6650.0	0.39851996	1510398640.521	1510398641.4993358
match	buy	6650.0	0.23306573	1510398641.541	1510398642.519047
match	sell	6650.01	1.5e-06	1510398641.715	1510398642.6965187
match	buy	6650.0	0.04103816	1510398642.393	1510398643.369307
match	sell	6650.01	1.5e-06	1510398651.692	1510398652.6870809
match	buy	6650.0	0.10129818	1510398655.273	1510398656.249552
match	sell	6650.01	0.2074	1510398656.018	1510398657.0045595
match	buy	6650.0	0.0254932	1510398656.82	1510398657.797668
match	sell	6650.01	1.5e-06	1510398662.504	1510398663.5088527
match	sell	6650.01	0.00015	1510398664.058	1510398665.0359128
match	sell	6650.01	1.5e-06	1510398672.299	1510398673.2748177
match	sell	6650.01	9e-06	1510398678.067	1510398679.0451596
match	sell	6650.01	1.5e-06	1510398682.077	1510398683.0538182
match	buy	6650.0	0.0352	1510398687.271	1510398688.260661
match	sell	6650.01	1.5e-06	1510398692.072	1510398693.0493927
match	sell	6650.01	1.5e-06	1510398702.201	1510398703.1773205
match	sell	6650.01	1.5e-06	1510398712.13	1510398713.1087248
match	sell	6650.01	0.124	1510398718.425	1510398719.4044635
match	sell	6650.01	1.5e-06	1510398722.444	1510398723.4281614
match	sell	6650.01	1.5e-06	1510398731.849	1510398732.8331668
match	buy	6650.0	0.05574728	1510398734.404	1510398735.3839483
match	buy	6650.0	0.21707333	1510398735.016	1510398735.9943798
match	sell	6650.01	1.5e-06	1510398741.785	1510398742.7653818
match	sell	6650.01	9e-06	1510398744.822	1510398745.8004513
match	sell	6650.01	0.6572	1510398749.63	1510398750.6082337
match	sell	6650.01	1.5e-06	1510398751.593	1510398752.5744615
match	sell	6650.01	1.5e-06	1510398761.579	1510398762.561013
match	sell	6650.01	1.5e-06	1510398771.567	1510398772.596695
match	buy	6650.0	0.26815457	1510398777.339	1510398778.318909
match	buy	6650.0	0.17025885	1510398777.982	1510398778.9636233
match	buy	6650.0	0.09789572	1510398778.077	1510398779.0558686
match	buy	6650.0	0.28926522	1510398779.494	1510398780.4776485
match	sell	6650.01	0.24840896	1510398780.785	1510398781.7630658
match	sell	6650.01	0.01	1510398780.785	1510398781.7670765
match	sell	6650.01	0.01	1510398780.785	1510398781.7730925
match	sell	6650.01	0.01	1510398780.785	1510398781.7750988
match	sell	6650.01	0.50379104	1510398780.785	1510398781.7801116
match	buy	6650.0	0.26264156	1510398782.089	1510398783.0795662
match	buy	6650.0	0.38747408	1510398782.153	1510398783.14875
match	sell	6650.01	1.5e-06	1510398782.575	1510398783.5668619
match	buy	6650.0	0.09223633	1510398788.663	1510398789.6410115
match	sell	6650.01	1.5e-06	1510398792.159	1510398793.139312
match	buy	6650.0	0.26286906	1510398793.62	1510398794.598191
match	buy	6650.0	0.06183527	1510398795.644	1510398796.6225734
match	sell	6650.01	9e-06	1510398797.099	1510398798.0844598
match	buy	6650.0	0.0116219	1510398798.834	1510398799.8150613
match	buy	6650.0	0.04066702	1510398800.381	1510398801.3651824
match	sell	6650.01	1.5e-06	1510398801.979	1510398802.9574158
match	buy	6650.0	0.34742348	1510398809.319	1510398810.2989354
match	sell	6650.01	1.5e-06	1510398812.194	1510398813.1765864
match	sell	6650.01	0.1227	1510398812.273	1510398813.2557964
match	buy	6650.0	0.79171669	1510398816.122	1510398817.1020224
match	buy	6650.0	0.18208097	1510398821.833	1510398822.8112018
match	sell	6650.01	1.5e-06	1510398821.974	1510398822.9545827
match	sell	6650.01	1.5e-06	1510398832.042	1510398833.0223505
match	sell	6650.01	1.5e-06	1510398841.976	1510398842.9547577
match	sell	6650.01	0.1699	1510398843.644	1510398844.625199
match	buy	6650.0	0.04633048	1510398847.444	1510398848.4242997
match	sell	6650.01	1.5e-06	1510398851.669	1510398852.6475282
match	buy	6650.0	0.28298959	1510398857.283	1510398858.2634597
match	sell	6650.01	1.5e-06	1510398861.438	1510398862.422573
match	sell	6650.01	9e-06	1510398863.587	1510398864.567275
match	sell	6650.01	1.5e-06	1510398871.464	1510398872.4452205
match	buy	6650.0	0.18447275	1510398873.324	1510398874.3041627
match	sell	6650.01	0.084	1510398874.888	1510398875.8703268
match	buy	6650.0	0.01910515	1510398879.908	1510398880.8886693
match	sell	6650.01	1.5e-06	1510398881.549	1510398882.5290303
match	buy	6650.0	0.84405092	1510398886.455	1510398887.4380822
match	buy	6650.0	0.01883928	1510398887.496	1510398888.4758413
match	sell	6650.01	1.5e-06	1510398891.427	1510398892.4082966
match	sell	6650.01	0.06857296	1510398892.774	1510398893.7528715
match	sell	6650.01	0.01344814	1510398892.774	1510398893.7568822
match	sell	6650.01	0.01344814	1510398892.774	1510398893.757885
match	sell	6650.01	0.01353664	1510398892.774	1510398893.761896
match	sell	6650.01	0.01350337	1510398892.774	1510398893.766909
match	sell	6650.01	0.01344814	1510398892.774	1510398893.7709196
match	sell	6650.01	0.01344814	1510398892.774	1510398893.7719233
match	sell	6650.01	0.01345548	1510398892.774	1510398893.775933
match	sell	6650.01	0.01352411	1510398892.774	1510398893.7799437
match	sell	6650.01	0.01345812	1510398892.774	1510398893.7839544
match	sell	6650.01	0.01348261	1510398892.774	1510398893.8240612
match	sell	6650.01	0.0135361	1510398892.774	1510398893.8240612
match	sell	6650.01	0.23119017	1510398892.774	1510398893.8240612
match	sell	6650.01	1.5e-06	1510398902.51	1510398903.4917645
match	sell	6650.01	2.25e-05	1510398905.862	1510398906.8697457
match	sell	6650.01	0.76878583	1510398906.193	1510398907.1835802
match	sell	6650.01	0.01356774	1510398906.193	1510398907.1855857
match	sell	6650.01	0.01	1510398906.193	1510398907.1946094
match	sell	6650.01	0.08594643	1510398906.193	1510398907.214663
match	sell	6650.01	1.5e-06	1510398911.872	1510398912.854658
match	buy	6650.0	0.57380849	1510398921.165	1510398922.146362
match	buy	6650.0	0.262154	1510398921.768	1510398922.7479615
match	sell	6650.01	1.5e-06	1510398921.949	1510398922.9294438
match	buy	6650.0	0.53538815	1510398922.153	1510398923.1339881
match	buy	6650.0	0.24000841	1510398922.448	1510398923.4287724
match	buy	6650.0	0.2190245	1510398925.613	1510398926.5951903
match	buy	6650.0	0.04272847	1510398926.311	1510398927.293046
match	buy	6650.0	0.2337012	1510398926.45	1510398927.432416
match	buy	6650.0	0.21471589	1510398928.84	1510398929.8227713
match	buy	6650.0	0.14761197	1510398929.65	1510398930.63092
match	buy	6650.0	0.42581488	1510398929.656	1510398930.6379385
match	sell	6650.01	1.5e-06	1510398932.139	1510398933.1626513
match	buy	6650.0	0.0548932	1510398932.186	1510398933.1736808
match	buy	6650.0	0.37961302	1510398934.944	1510398935.932014
match	sell	6650.01	9e-06	1510398935.301	1510398936.2829475
match	buy	6650.0	0.14278638	1510398936.405	1510398937.3858793
match	sell	6650.01	0.4629	1510398937.523	1510398938.503852
match	sell	6650.01	0.00600002	1510398940.542	1510398941.5238812
match	sell	6650.01	1.5e-06	1510398941.865	1510398942.8474002
match	buy	6650.0	0.22501051	1510398944.477	1510398945.4573393
match	buy	6650.0	0.63621775	1510398945.646	1510398946.6284528
match	buy	6650.0	0.02	1510398951.125	1510398952.1090245
match	sell	6650.01	1.5e-06	1510398951.964	1510398952.948256
match	buy	6650.0	1.19877856	1510398955.708	1510398956.6892018
match	buy	6650.0	0.20250517	1510398957.686	1510398958.6684644
match	buy	6650.0	0.53379898	1510398959.922	1510398960.9054115
match	sell	6650.01	1.5e-06	1510398961.809	1510398962.7954364
match	buy	6650.0	0.04971817	1510398965.881	1510398966.862249
match	buy	6650.0	1.12601268	1510398968.265	1510398969.2566152
match	buy	6650.0	0.0668	1510398968.794	1510398969.7830148
match	sell	6650.01	1.5e-06	1510398972.102	1510398973.0837903
match	buy	6650.0	0.72672888	1510398976.538	1510398977.5195842
match	sell	6650.01	1.5e-06	1510398981.467	1510398982.4637303
match	buy	6650.0	0.35819612	1510398983.474	1510398984.467055
match	sell	6650.01	9e-06	1510398984.312	1510398985.2982657
match	buy	6650.0	0.02	1510398985.491	1510398986.4743924
match	buy	6650.0	0.41639718	1510398986.784	1510398987.768834
match	buy	6650.0	0.01303495	1510398987.117	1510398988.0977082
match	sell	6650.01	1.5e-06	1510398991.429	1510398992.413182
match	buy	6650.0	0.06979257	1510398991.996	1510398992.9836988
match	buy	6650.0	0.68525495	1510398992.605	1510398993.5873039
match	buy	6650.0	0.3619	1510399000.037	1510399001.0190628
match	sell	6650.01	1.5e-06	1510399001.584	1510399002.5681813
match	sell	6650.01	1.5e-06	1510399011.398	1510399012.3812714
match	buy	6650.0	7.32558158	1510399011.929	1510399012.942765
match	buy	6650.0	0.49082706	1510399011.929	1510399012.9477777
match	buy	6650.0	0.03748869	1510399011.929	1510399012.953794
match	buy	6650.0	0.1	1510399011.929	1510399012.95981
match	buy	6650.0	0.0151	1510399011.929	1510399012.9668283
match	buy	6650.0	0.1	1510399011.929	1510399012.9718418
match	buy	6650.0	0.25	1510399011.929	1510399012.9788606
match	buy	6650.0	1.36579832	1510399011.929	1510399012.9818687
match	buy	6650.0	0.66700168	1510399017.506	1510399018.4905143
match	buy	6650.0	1.3526814	1510399017.506	1510399018.4965303
match	sell	6650.01	1.5e-06	1510399022.43	1510399023.411598
match	buy	6650.0	0.6473186	1510399022.469	1510399023.4527075
match	buy	6650.0	0.03	1510399022.469	1510399023.4557157
match	buy	6650.0	0.12216179	1510399022.469	1510399023.4597263
match	buy	6650.0	0.47716963	1510399028.311	1510399029.316297
match	buy	6650.0	0.19361735	1510399028.446	1510399029.4285958
match	buy	6650.0	0.02543467	1510399028.701	1510399029.6832726
match	buy	6650.0	0.18161656	1510399029.118	1510399030.102387
match	buy	6650.0	0.00403221	1510399029.118	1510399030.1104088
match	buy	6650.0	0.01429798	1510399030.085	1510399031.0679545
match	buy	6650.0	0.01678851	1510399031.266	1510399032.2510998
match	buy	6650.0	0.60961149	1510399031.266	1510399032.2621295
match	sell	6650.01	1.5e-06	1510399032.046	1510399033.0271635
match	buy	6650.0	0.48521956	1510399032.285	1510399033.2678034
match	buy	6650.0	0.763	1510399032.285	1510399033.2718139
match	buy	6650.0	0.43905195	1510399032.285	1510399033.2778301
match	buy	6650.0	0.01	1510399032.285	1510399033.279835
match	buy	6650.0	0.37617346	1510399032.285	1510399033.2818406
match	buy	6650.0	0.18382654	1510399034.042	1510399035.025476
match	buy	6650.0	0.16300128	1510399034.042	1510399035.0304897
match	buy	6650.0	0.02	1510399034.368	1510399035.351343
match	buy	6650.0	0.02	1510399036.079	1510399037.075928
match	buy	6650.0	0.15996196	1510399038.467	1510399039.449238
match	sell	6650.01	9e-06	1510399038.883	1510399039.8673503
match	buy	6650.0	0.37201562	1510399040.092	1510399041.0826533
match	buy	6650.0	0.76502114	1510399040.265	1510399041.246088
match	buy	6650.0	0.013	1510399040.265	1510399041.2500987
match	buy	6650.0	0.05	1510399040.265	1510399041.2531066
match	buy	6650.0	1.05272065	1510399040.265	1510399041.2561152
match	buy	6650.0	0.013	1510399040.265	1510399041.2741628
match	buy	6650.0	0.1	1510399040.265	1510399041.275166
match	buy	6650.0	0.013	1510399040.265	1510399041.275166
match	buy	6650.0	0.52691707	1510399040.265	1510399041.300232
match	buy	6650.0	0.013	1510399040.265	1510399041.300232
match	buy	6650.0	0.013	1510399040.265	1510399041.309256
match	buy	6650.0	1.84034114	1510399040.265	1510399041.3162744
match	sell	6650.01	1.5e-06	1510399041.822	1510399042.8052335
match	buy	6650.0	0.34363408	1510399041.84	1510399042.8262894
match	buy	6650.0	4.11417823	1510399042.602	1510399043.5853076
match	buy	6650.0	0.01225715	1510399043.605	1510399044.5869703
match	buy	6650.0	0.66728068	1510399045.271	1510399046.252398
match	buy	6650.0	0.77028665	1510399045.745	1510399046.7296674
match	buy	6650.0	0.63234615	1510399045.821	1510399046.8048673
match	buy	6650.0	0.39544795	1510399046.091	1510399047.0745847
match	buy	6650.0	4.77999406	1510399048.765	1510399049.748694
match	buy	6650.0	0.013	1510399048.765	1510399049.75471
match	buy	6650.0	0.07668181	1510399048.765	1510399049.758721
match	buy	6650.0	0.013	1510399048.765	1510399049.7627327
match	buy	6650.0	0.013	1510399048.765	1510399049.7667425
match	buy	6650.0	0.10432413	1510399048.765	1510399049.770753
match	buy	6650.0	0.74296398	1510399048.781	1510399049.7888005
match	buy	6650.0	1.72143487	1510399050.33	1510399051.3128526
match	buy	6650.0	1.63881153	1510399051.016	1510399051.9986763
match	buy	6650.0	1.13208031	1510399051.249	1510399052.2312946
match	sell	6650.01	1.5e-06	1510399051.838	1510399052.8218646
match	buy	6650.0	0.66038518	1510399052.018	1510399053.0113688
match	buy	6650.0	0.011	1510399052.018	1510399053.0113688
match	buy	6650.0	0.011	1510399052.018	1510399053.0113688
match	buy	6650.0	0.01	1510399052.018	1510399053.0143766
match	buy	6650.0	0.032	1510399052.018	1510399053.0254061
match	buy	6650.0	0.011	1510399052.018	1510399053.0294168
match	buy	6650.0	0.011	1510399052.018	1510399053.0334272
match	buy	6650.0	0.011	1510399052.018	1510399053.0384407
match	buy	6650.0	0.24261482	1510399052.018	1510399053.0534806
match	buy	6650.0	0.25	1510399052.835	1510399053.8185143
match	buy	6650.0	0.00738518	1510399053.842	1510399054.8271964
match	buy	6650.0	0.0664	1510399053.842	1510399054.8312068
match	buy	6650.0	0.01	1510399053.842	1510399054.8412335
match	buy	6650.0	0.978777	1510399053.842	1510399054.846247
match	buy	6650.0	2.0	1510399053.842	1510399054.8502579
match	buy	6649.98	0.0941	1510399053.842	1510399054.8562741
match	buy	6649.94	0.01722556	1510399053.842	1510399054.8572767
match	buy	6649.94	0.01696993	1510399053.842	1510399054.8632927
match	buy	6649.94	0.01703185	1510399053.843	1510399054.8663003
match	buy	6649.94	0.01680196	1510399053.843	1510399054.8743217
match	buy	6649.93	0.01716081	1510399053.843	1510399054.898386
match	buy	6649.0	0.01	1510399053.843	1510399054.898386
match	buy	6648.69	0.02	1510399053.843	1510399054.898386
match	buy	6648.69	0.0111	1510399053.843	1510399054.898386
match	buy	6648.0	0.023197	1510399053.843	1510399054.898386
match	buy	6647.46	0.0108	1510399053.843	1510399054.912423
match	buy	6647.46	0.0108	1510399053.843	1510399054.9154315
match	buy	6647.46	0.0108	1510399053.843	1510399054.924455
match	buy	6647.46	0.0108	1510399053.843	1510399054.924455
match	buy	6647.46	0.0108	1510399053.843	1510399054.9304712
match	buy	6647.46	0.0108	1510399053.843	1510399054.9324765
match	buy	6647.46	0.0108	1510399053.843	1510399054.9404976
match	buy	6647.46	0.0108	1510399053.843	1510399054.9404976
match	buy	6647.46	0.0108	1510399053.843	1510399054.9465137
match	buy	6647.46	0.0108	1510399053.843	1510399054.949522
match	buy	6646.0	0.5	1510399053.843	1510399054.9535327
match	buy	6645.05	0.24232	1510399053.843	1510399054.957543
match	buy	6645.0	2.0	1510399053.843	1510399054.9615536
match	buy	6645.0	0.27117476	1510399053.843	1510399054.9655647
match	buy	6643.9	0.05	1510399053.843	1510399054.9695754
match	buy	6643.87	0.05	1510399053.843	1510399054.9745884
match	buy	6643.8	0.05	1510399053.843	1510399054.9755914
match	buy	6643.75	0.01708788	1510399053.843	1510399054.9846148
match	buy	6643.0	3.40526807	1510399053.843	1510399054.9856179
match	buy	6643.0	0.85473193	1510399053.843	1510399054.9856179
match	buy	6642.33	0.01526265	1510399053.843	1510399054.988626
match	buy	6642.0	0.5	1510399053.843	1510399054.9916346
match	buy	6641.0	0.02	1510399053.843	1510399054.9936392
match	buy	6641.0	0.5	1510399053.843	1510399054.9976497
match	buy	6641.0	0.45835182	1510399053.843	1510399054.9996555
match	buy	6641.0	0.01788196	1510399053.843	1510399055.004668
match	sell	6641.01	1.5e-06	1510399062.032	1510399063.0149653
match	sell	6641.01	0.4635	1510399062.585	1510399063.5694392
match	buy	6641.0	0.24100622	1510399064.471	1510399065.460467
match	buy	6640.42	0.08	1510399064.471	1510399065.4654808
match	buy	6640.33	0.04459776	1510399064.471	1510399065.4694912
match	buy	6640.33	0.00540224	1510399069.214	1510399070.231151
match	buy	6640.01	0.26300673	1510399069.214	1510399070.2321541
match	sell	6640.02	1.5e-06	1510399071.852	1510399072.835183
match	buy	6640.01	0.01971535	1510399072.912	1510399073.893901
match	buy	6640.01	0.13364146	1510399077.177	1510399078.1622488
match	buy	6640.01	0.00863646	1510399077.721	1510399078.7056942
match	buy	6640.0	0.25	1510399077.721	1510399078.7127128
match	buy	6640.0	0.1	1510399077.721	1510399078.7167234
match	buy	6640.0	0.83308466	1510399077.721	1510399078.7247448
match	buy	6640.0	0.13526455	1510399077.721	1510399078.7357743
match	buy	6640.0	0.03165079	1510399080.214	1510399081.1983213
match	buy	6640.0	0.1030112	1510399080.214	1510399081.2043374
match	buy	6640.0	0.010145	1510399080.214	1510399081.206343
match	buy	6640.0	0.1	1510399080.214	1510399081.2103534
match	buy	6639.23	0.042	1510399080.214	1510399081.214365
match	buy	6638.12	0.037661	1510399080.214	1510399081.2193778
match	buy	6638.0	0.01	1510399080.214	1510399081.2263958
match	buy	6637.01	0.6386	1510399080.214	1510399081.2304063
match	buy	6637.0	0.031	1510399080.214	1510399081.2354205
match	buy	6637.0	0.076	1510399080.214	1510399081.239432
match	buy	6633.0	0.10794817	1510399080.214	1510399081.2682261
match	buy	6633.0	0.15	1510399080.214	1510399081.2682261
match	buy	6633.01	0.1168071	1510399082.214	1510399083.1993608
match	sell	6633.06	1.5e-06	1510399083.054	1510399084.0365863
match	sell	6633.02	0.04	1510399084.084	1510399085.0843725
match	sell	6633.02	0.04718988	1510399084.088	1510399085.0843725
match	sell	6633.02	0.07281012	1510399084.246	1510399085.228756
match	sell	6633.02	0.1033	1510399085.691	1510399086.676606
match	buy	6633.01	0.78374159	1510399087.165	1510399088.1475165
match	sell	6633.02	0.0518	1510399089.302	1510399090.284197
match	sell	6633.01	1.5e-06	1510399092.497	1510399093.4837036
match	sell	6633.01	0.0596	1510399093.599	1510399094.5816228
match	buy	6633.0	0.95768409	1510399093.956	1510399094.9385717
match	buy	6633.0	0.01539053	1510399094.63	1510399095.6163747
match	buy	6633.0	0.08152693	1510399094.676	1510399095.6975894
match	buy	6633.0	0.07218728	1510399095.71	1510399096.6932375
match	sell	6633.01	1.5e-06	1510399102.31	1510399103.2927833
match	buy	6633.0	0.0130193	1510399103.564	1510399104.5601528
match	sell	6633.01	9.02e-06	1510399104.915	1510399105.9017198
match	buy	6633.0	0.02503886	1510399108.581	1510399109.5815032
match	buy	6633.0	0.19061266	1510399109.111	1510399110.0968735
match	sell	6633.01	1.5e-06	1510399112.31	1510399113.2933726
match	buy	6633.0	0.69032906	1510399113.569	1510399114.5537233
match	buy	6633.0	0.43225076	1510399113.901	1510399114.8825974
match	buy	6633.0	0.66380249	1510399118.431	1510399119.422668
match	buy	6633.0	0.36860943	1510399120.495	1510399121.4851518
match	buy	6633.0	0.29955914	1510399121.429	1510399122.414623
match	buy	6633.0	2.06774924	1510399121.82	1510399122.80466
match	buy	6633.0	3.74038236	1510399121.931	1510399122.9189641
match	sell	6633.01	1.5e-06	1510399122.269	1510399123.2508461
match	buy	6633.0	0.9739097	1510399122.551	1510399123.5346007
match	buy	6633.0	0.02379742	1510399122.551	1510399123.5386112
match	buy	6631.34	0.03	1510399122.551	1510399123.5777156
match	buy	6631.0	0.00064982	1510399122.551	1510399123.5827286
match	sell	6631.01	0.127	1510399124.966	1510399125.9500225
match	buy	6631.0	0.15273055	1510399127.433	1510399128.4215941
match	buy	6631.0	0.04574963	1510399130.538	1510399131.5248446
match	buy	6630.0	0.01	1510399130.538	1510399131.5288556
match	buy	6630.0	0.1	1510399130.538	1510399131.5749779
match	buy	6630.0	0.34425037	1510399130.538	1510399131.5789886
match	buy	6630.0	0.05574963	1510399131.13	1510399132.1157062
match	buy	6630.0	0.4179452	1510399131.13	1510399132.1207197
match	sell	6630.01	1.5e-06	1510399132.3	1510399133.295561
match	sell	6630.01	0.02	1510399132.897	1510399133.890142
match	sell	6630.01	0.01918886	1510399133.197	1510399134.1919441
match	sell	6630.01	0.04935167	1510399133.418	1510399134.4015014
match	sell	6630.01	0.05145947	1510399133.566	1510399134.5579174
match	sell	6630.01	0.03340983	1510399133.594	1510399134.5829842
match	sell	6630.01	0.08251164	1510399133.691	1510399134.6782372
match	sell	6630.01	0.0759328	1510399133.765	1510399134.763464
match	buy	6630.0	0.36866716	1510399133.785	1510399134.7684777
match	buy	6630.0	0.15296627	1510399137.697	1510399138.6818817
match	buy	6630.0	0.06042137	1510399141.86	1510399142.846956
match	buy	6628.8	0.07542843	1510399141.86	1510399142.8539746
match	buy	6628.8	0.2715	1510399141.86	1510399142.8549774
match	buy	6625.76	0.01	1510399141.86	1510399142.8629985
match	buy	6625.0	0.05	1510399141.86	1510399142.8629985
match	buy	6625.0	0.01	1510399141.86	1510399142.8670092
match	buy	6625.0	1.0	1510399141.86	1510399142.87102
match	buy	6625.0	0.60359996	1510399141.86	1510399142.891073
match	buy	6622.01	0.26608397	1510399141.86	1510399142.8940818
match	buy	6622.01	0.17021603	1510399141.86	1510399142.9000971
match	buy	6622.0	2.32978397	1510399141.86	1510399142.9171047
match	buy	6622.0	0.2	1510399141.86	1510399142.9171047
match	sell	6629.98	1.5e-06	1510399142.156	1510399143.144241
match	sell	6622.01	0.0131	1510399148.277	1510399149.261905
match	sell	6622.01	1.5e-06	1510399151.762	1510399152.747531
match	sell	6622.01	0.0568985	1510399157.152	1510399158.1368594
match	sell	6622.01	0.0752015	1510399157.152	1510399158.1448805
match	buy	6622.0	0.03	1510399157.417	1510399158.4135954
match	sell	6622.01	9.03e-06	1510399158.287	1510399159.2809012
match	buy	6622.0	1.81836818	1510399160.699	1510399161.6842916
match	sell	6622.01	1.5e-06	1510399161.68	1510399162.6638958
match	buy	6622.0	0.5	1510399162.877	1510399163.8620813
match	buy	6622.0	0.15	1510399163.577	1510399164.5609396
match	buy	6622.0	0.02802296	1510399168.162	1510399169.1491382
match	sell	6622.01	1.5e-06	1510399171.697	1510399172.6815298
match	buy	6622.0	0.42522291	1510399173.295	1510399174.2797797
match	buy	6622.0	0.01886841	1510399173.367	1510399174.367011
match	buy	6622.0	1.87788572	1510399173.58	1510399174.562531
match	buy	6622.0	0.78413644	1510399174.465	1510399175.4518952
match	buy	6622.0	1.0	1510399175.145	1510399176.1377192
match	buy	6622.0	0.0202163	1510399176.19	1510399177.175478
match	buy	6622.0	0.140443	1510399176.441	1510399177.427147
match	sell	6622.01	1.5e-06	1510399181.714	1510399182.6991644
match	buy	6622.0	0.67705211	1510399187.774	1510399188.7592766
match	buy	6622.0	0.03	1510399187.774	1510399188.7632868
match	buy	6620.0	0.01	1510399187.774	1510399188.7703056
match	buy	6620.0	0.1	1510399187.774	1510399188.7743173
match	buy	6620.0	0.01	1510399187.774	1510399188.7963746
match	buy	6620.0	1.17554789	1510399187.774	1510399188.7963746
match	sell	6620.01	1.5e-06	1510399191.733	1510399192.726262
match	buy	6620.0	0.01479819	1510399195.728	1510399196.728904
match	buy	6620.0	0.01999998	1510399198.219	1510399199.231558
match	sell	6620.01	1.5e-06	1510399202.921	1510399203.9059858
match	buy	6620.0	0.05168509	1510399206.425	1510399207.4093003
match	buy	6620.0	1.74023924	1510399207.017	1510399208.0189223
match	buy	6620.0	0.05	1510399207.017	1510399208.0239344
match	buy	6620.0	0.4626182	1510399207.017	1510399208.0279453
match	sell	6620.01	0.06372763	1510399208.15	1510399209.156947
match	sell	6620.01	1.5e-06	1510399212.227	1510399213.2187467
match	buy	6620.0	0.5373818	1510399213.242	1510399214.2284305
match	buy	6620.0	0.04	1510399213.242	1510399214.235449
match	buy	6619.0	0.7138	1510399213.242	1510399214.2384577
match	buy	6618.26	0.01	1510399213.242	1510399214.2424695
match	buy	6618.0	0.01	1510399213.242	1510399214.2444735
match	buy	6616.0	0.25	1510399213.242	1510399214.2464788
match	buy	6615.59	0.01	1510399213.242	1510399214.2504897
match	buy	6615.0	0.9288182	1510399213.242	1510399214.2545
match	buy	6615.0	1.25	1510399213.242	1510399214.260517
match	sell	6615.01	0.0541	1510399219.216	1510399220.2043188
match	sell	6615.01	0.09	1510399221.705	1510399222.689927
match	sell	6615.01	0.19072831	1510399221.71	1510399222.703965
match	sell	6615.01	1.5e-06	1510399222.174	1510399223.166194
match	buy	6615.0	0.3211818	1510399227.047	1510399228.0371444
match	buy	6615.0	0.02	1510399227.047	1510399228.0421574
match	buy	6615.0	0.2	1510399227.047	1510399228.0481734
match	buy	6615.0	0.6	1510399227.047	1510399228.0602062
match	buy	6615.0	0.19	1510399227.047	1510399228.0682268
match	buy	6615.0	0.13608925	1510399227.047	1510399228.0904913
match	buy	6614.98	0.1545	1510399227.047	1510399228.0975099
match	buy	6614.35	0.55951502	1510399227.047	1510399228.1041074
match	buy	6614.35	0.03344	1510399227.572	1510399228.5594637
match	buy	6614.35	0.02681309	1510399227.666	1510399228.654815
match	sell	6614.84	0.1	1510399228.434	1510399229.4245641
match	buy	6614.35	0.38023189	1510399229.638	1510399230.6327767
match	buy	6612.12	0.0101	1510399229.638	1510399230.6377897
match	buy	6612.12	0.05	1510399229.638	1510399230.6428032
match	buy	6611.68	0.01	1510399229.638	1510399230.6468139
match	buy	6611.15	0.01	1510399229.638	1510399230.6508248
match	buy	6610.0	0.1	1510399229.638	1510399230.6548352
match	buy	6610.0	0.75	1510399229.638	1510399230.657843
match	buy	6610.0	0.05	1510399229.638	1510399230.661854
match	buy	6610.0	0.02	1510399229.638	1510399230.6919336
match	buy	6610.0	0.2	1510399229.638	1510399230.6969469
match	buy	6610.0	0.5	1510399229.638	1510399230.7029629
match	buy	6610.0	0.01	1510399229.638	1510399230.7079768
match	buy	6609.0	0.34941502	1510399229.638	1510399230.7119873
match	buy	6609.0	0.22858498	1510399229.638	1510399230.7159977
match	buy	6608.0	0.5	1510399229.638	1510399230.721011
match	buy	6607.12	0.01	1510399229.638	1510399230.7260244
match	buy	6607.0	0.1	1510399229.638	1510399230.7300355
match	buy	6605.02	0.081	1510399229.638	1510399230.734046
match	buy	6605.02	0.33958834	1510399229.638	1510399230.7380567
match	buy	6605.02	0.019	1510399229.638	1510399230.7420669
match	buy	6605.0	0.1	1510399229.638	1510399230.746078
match	buy	6605.0	0.3	1510399229.638	1510399230.7510915
match	buy	6605.0	0.01	1510399229.638	1510399230.7551017
match	buy	6605.0	0.39628433	1510399229.638	1510399230.759113
match	buy	6603.23	0.05	1510399229.638	1510399230.7631235
match	buy	6603.01	0.6	1510399229.638	1510399230.767134
match	buy	6603.0	0.01	1510399229.638	1510399230.77315
match	buy	6603.0	0.02	1510399229.638	1510399230.7771604
match	buy	6603.0	0.01	1510399229.638	1510399230.7841792
match	buy	6603.0	3.1	1510399229.638	1510399230.7861848
match	buy	6603.0	0.01591997	1510399229.638	1510399230.7911978
match	buy	6603.0	0.25	1510399229.638	1510399230.7962112
match	buy	6602.6	0.01	1510399229.638	1510399230.8011413
match	buy	6602.13	0.00271311	1510399229.638	1510399230.8061564
match	sell	6604.79	1.51e-06	1510399232.499	1510399233.4902925
match	sell	6602.15	0.033	1510399234.008	1510399234.9932888
match	sell	6602.14	0.9	1510399234.637	1510399235.62196
match	sell	6602.14	0.17024351	1510399234.637	1510399235.627976
match	buy	6602.13	0.03928689	1510399234.659	1510399235.6470268
match	buy	6602.13	0.02004265	1510399234.659	1510399235.6510372
match	sell	6602.14	9.06e-06	1510399235.639	1510399236.624626
match	buy	6602.13	0.22995735	1510399236.67	1510399237.6553662
match	buy	6602.0	0.015	1510399236.67	1510399237.6974783
match	buy	6601.97	0.52139391	1510399236.67	1510399237.7014892
match	sell	6602.14	0.01264144	1510399236.76	1510399237.7566354
match	sell	6601.99	0.05354949	1510399238.488	1510399239.5574234
match	sell	6601.99	0.07491155	1510399238.508	1510399239.5654447
match	sell	6601.99	0.03469	1510399238.508	1510399239.58249
match	sell	6601.99	0.26783797	1510399238.544	1510399239.5975301
match	sell	6601.98	0.25	1510399238.751	1510399239.7369006
match	sell	6601.98	1.51e-06	1510399242.168	1510399243.1981027
match	buy	6601.97	0.03596657	1510399246.54	1510399247.5256085
match	buy	6601.97	0.29732597	1510399246.54	1510399247.5316246
match	buy	6601.29	0.0526	1510399250.508	1510399251.49416
match	sell	6601.33	1.51e-06	1510399252.346	1510399253.3310435
match	buy	6601.26	0.29164295	1510399253.151	1510399254.1401951
match	buy	6601.26	0.47745725	1510399258.721	1510399259.7069952
match	sell	6601.27	0.06568757	1510399258.861	1510399259.8854702
match	buy	6601.26	0.01261253	1510399259.894	1510399260.8791118
match	buy	6601.26	0.07077913	1510399261.433	1510399262.4202094
match	sell	6601.27	1.51e-06	1510399262.184	1510399263.1812325
match	sell	6601.27	0.0001511	1510399264.128	1510399265.1153748
match	buy	6601.26	0.01009829	1510399265.401	1510399266.387758
match	buy	6601.26	1.23120931	1510399267.695	1510399268.6838624
match	sell	6601.27	0.07115982	1510399267.757	1510399268.7440226
match	sell	6601.27	0.05364639	1510399267.757	1510399268.7540493
match	buy	6601.26	0.0987	1510399268.892	1510399269.8770347
match	sell	6601.27	0.02019508	1510399270.39	1510399271.3840413
match	sell	6601.27	1.51e-06	1510399271.998	1510399272.9842958
match	sell	6601.27	9.06e-06	1510399276.985	1510399277.9705534
match	buy	6601.26	2.2279	1510399281.657	1510399282.6439786
match	sell	6601.27	1.51e-06	1510399281.848	1510399282.834485
match	sell	6601.27	0.82614645	1510399285.109	1510399286.0991647
match	sell	6601.27	1.0	1510399285.109	1510399286.1021733
match	sell	6601.27	0.76503405	1510399285.109	1510399286.1071868
match	sell	6601.27	0.588	1510399285.109	1510399286.1101952
match	sell	6601.27	1.0	1510399285.109	1510399286.1202214
match	sell	6601.27	0.235	1510399285.109	1510399286.1202214
match	sell	6601.27	0.592	1510399285.109	1510399286.1312506
match	sell	6601.27	0.44510405	1510399285.109	1510399286.1312506
match	sell	6601.27	0.603	1510399285.109	1510399286.1322532
match	sell	6601.27	0.607	1510399285.109	1510399286.133256
match	sell	6601.27	1.26879069	1510399285.109	1510399286.1693523
match	sell	6601.27	0.053646	1510399285.109	1510399286.1693523
match	sell	6601.27	0.020195	1510399285.109	1510399286.1693523
match	sell	6601.98	4.06	1510399285.109	1510399286.1693523
match	sell	6601.98	0.25520078	1510399285.109	1510399286.1693523
match	sell	6604.29	0.1	1510399285.109	1510399286.1693523
match	sell	6604.8	2.57193	1510399285.109	1510399286.1703546
match	sell	6604.84	1.12744424	1510399285.109	1510399286.1703546
match	sell	6604.84	3.85963465	1510399285.109	1510399286.1723597
match	buy	6601.36	2.77	1510399287.392	1510399288.4379628
match	sell	6601.4	1.51e-06	1510399291.774	1510399292.7654684
match	buy	6601.39	0.05	1510399293.155	1510399294.141126
match	buy	6601.39	0.25	1510399293.155	1510399294.146139
match	sell	6601.4	0.05903984	1510399294.371	1510399295.3683887
match	buy	6601.39	0.2603	1510399297.898	1510399298.8837347
match	buy	6601.39	0.0397	1510399297.898	1510399298.8867435
match	buy	6601.39	0.15949383	1510399298.456	1510399299.4572601
match	sell	6601.4	0.0261069	1510399298.823	1510399299.8091955
match	sell	6601.4	0.01485175	1510399300.83	1510399301.8165324
match	sell	6601.4	0.0153693	1510399300.83	1510399301.8205435
match	sell	6601.4	1.51e-06	1510399301.769	1510399302.7560308
match	buy	6601.39	0.3	1510399303.84	1510399304.8265355
match	sell	6601.4	0.0202275	1510399310.334	1510399311.3218045
match	sell	6601.4	1.51e-06	1510399311.956	1510399312.9421127
match	sell	6601.4	0.97976948	1510399313.025	1510399314.0330126
match	sell	6601.4	1.0	1510399313.025	1510399314.0330126
match	sell	6601.4	1.0	1510399313.025	1510399314.0330126
match	sell	6601.4	0.111	1510399313.025	1510399314.0370235
match	sell	6601.4	0.02	1510399313.025	1510399314.039029
match	sell	6601.4	0.74	1510399313.025	1510399314.04304
match	sell	6601.4	0.1	1510399313.025	1510399314.0480528
match	sell	6601.4	0.1	1510399313.025	1510399314.0520635
match	sell	6604.84	0.94923052	1510399313.025	1510399314.057077
match	sell	6604.84	1.307	1510399313.189	1510399314.1753912
match	sell	6609.4	0.02	1510399314.65	1510399315.688414
match	sell	6609.4	0.75115288	1510399314.65	1510399315.69443
match	sell	6609.4	0.0169882	1510399314.65	1510399315.699443
match	buy	6609.39	0.393	1510399321.009	1510399322.0115714
match	buy	6609.39	0.01997097	1510399321.009	1510399322.0165846
match	sell	6609.4	1.5e-06	1510399321.837	1510399322.8247335
match	sell	6609.4	0.01	1510399325.709	1510399326.6960263
match	buy	6609.39	0.68721722	1510399327.094	1510399328.087726
match	sell	6609.4	1.5e-06	1510399331.341	1510399332.3279998
match	sell	6609.4	0.01	1510399332.384	1510399333.3707724
match	buy	6609.39	0.2	1510399334.176	1510399335.1645415
match	sell	6609.4	0.01	1510399339.513	1510399340.5047395
match	sell	6609.4	0.20185592	1510399341.274	1510399342.2614102
match	sell	6609.4	0.79814408	1510399341.274	1510399342.2654212
match	sell	6609.4	1.5e-06	1510399341.311	1510399342.2985091
match	sell	6609.4	9.05e-06	1510399343.598	1510399344.5865922
match	sell	6609.4	0.20184537	1510399344.735	1510399345.7617168
match	sell	6609.4	1.0	1510399344.735	1510399345.7617168
match	sell	6609.4	0.1	1510399344.735	1510399345.7617168
match	sell	6609.4	0.242	1510399344.735	1510399345.7627194
match	sell	6609.4	0.76435463	1510399344.735	1510399345.7627194
match	sell	6609.4	0.03018447	1510399344.768	1510399345.7627194
match	sell	6609.4	0.01	1510399346.132	1510399347.1283503
match	buy	6609.39	0.04	1510399346.35	1510399347.3429208
match	buy	6609.39	0.01	1510399346.71	1510399347.6968617
match	sell	6609.4	0.1954609	1510399347.002	1510399347.993651
match	sell	6609.4	0.3	1510399347.002	1510399347.9976616
match	sell	6620.94	0.14	1510399347.77	1510399348.7566798
match	sell	6620.95	0.88275981	1510399347.77	1510399348.7616925
match	sell	6635.6	0.01669085	1510399347.77	1510399348.766706
match	buy	6618.09	0.18774756	1510399348.168	1510399349.2180376
match	sell	6633.45	0.3	1510399349.955	1510399350.953596
match	sell	6633.46	1.0	1510399349.955	1510399350.955602
match	buy	6634.43	0.03	1510399350.457	1510399351.4539263
match	sell	6633.46	1.0	1510399350.508	1510399351.5040598
match	buy	6634.98	0.05113207	1510399350.531	1510399351.5491796
match	buy	6635.26	0.01951575	1510399351.354	1510399352.3733714
match	sell	6635.5	1.5e-06	1510399351.372	1510399352.3813925
match	buy	6635.26	0.06672159	1510399351.374	1510399352.3864057
match	buy	6635.26	0.47648886	1510399351.376	1510399352.406459
match	buy	6635.26	0.0159	1510399352.029	1510399353.01608
match	buy	6635.27	0.011	1510399352.31	1510399353.3399408
match	buy	6635.01	0.015	1510399352.31	1510399353.3439543
match	buy	6609.64	1.06	1510399352.31	1510399353.3479621
match	buy	6609.63	0.4368	1510399352.31	1510399353.3519728
match	buy	6609.62	0.7113	1510399352.31	1510399353.3579888
match	sell	6635.36	1.0	1510399352.435	1510399353.451237
match	buy	6635.38	0.38	1510399353.948	1510399354.9341795
match	buy	6635.38	1.06161421	1510399355.101	1510399356.1022854
match	buy	6635.38	0.06698161	1510399355.709	1510399356.7078953
match	buy	6635.38	0.6015812	1510399358.152	1510399359.1523945
match	buy	6635.38	0.05587598	1510399358.357	1510399359.4000533
match	buy	6635.38	0.01084747	1510399358.357	1510399359.4050665
match	sell	6635.39	1.202e-05	1510399359.203	1510399360.1941645
match	sell	6635.39	1.5e-06	1510399361.431	1510399362.4180772
match	buy	6635.38	0.07902658	1510399366.396	1510399367.384281
match	buy	6635.38	0.013	1510399366.396	1510399367.3963132
match	buy	6635.38	0.06145008	1510399366.396	1510399367.3983214
match	buy	6614.57	0.05001662	1510399368.249	1510399369.2462316
match	sell	6614.58	1.5e-06	1510399371.584	1510399372.5710714
match	sell	6614.58	0.01	1510399374.293	1510399375.2872927
match	sell	6614.58	0.9899985	1510399376.063	1510399377.050982
match	sell	6614.58	0.0582015	1510399376.063	1510399377.0549927
match	sell	6614.58	0.10736192	1510399377.385	1510399378.377509
match	sell	6614.58	0.83443658	1510399377.409	1510399378.397562
match	sell	6614.58	0.01	1510399377.409	1510399378.4025757
match	sell	6614.58	0.15325466	1510399377.409	1510399378.4095945
match	sell	6614.58	0.84674534	1510399377.461	1510399378.4597275
match	sell	6614.58	0.15818554	1510399377.461	1510399378.4657433
match	buy	6614.57	0.046504	1510399379.669	1510399380.6651561
match	sell	6614.58	0.01	1510399380.615	1510399381.6006432
match	sell	6614.58	1.5e-06	1510399382.474	1510399383.4656017
match	sell	6614.58	0.02759757	1510399385.625	1510399386.6149747
match	buy	6614.57	0.20347938	1510399388.808	1510399389.798439
match	buy	6614.57	0.03	1510399388.808	1510399389.807463
match	buy	6614.57	0.06652062	1510399388.808	1510399389.8154848
match	sell	6614.58	1.5e-06	1510399392.039	1510399393.0681322
match	sell	6614.58	0.21821389	1510399394.215	1510399395.224867
match	sell	6614.58	0.1	1510399394.215	1510399395.2278748
match	sell	6614.58	1.0	1510399394.215	1510399395.234894
match	sell	6614.58	0.57143622	1510399394.215	1510399395.2389038
match	sell	6614.58	0.07126384	1510399394.228	1510399395.2489302
match	sell	6614.58	0.08286354	1510399394.249	1510399395.2689836
match	sell	6614.58	0.2744364	1510399394.254	1510399395.2800128
match	sell	6614.58	1.0	1510399394.254	1510399395.2970583
match	sell	6614.58	0.08986471	1510399394.254	1510399395.2970583
match	sell	6614.58	0.02	1510399394.254	1510399395.2980611
match	sell	6616.09	0.2	1510399394.254	1510399395.3281415
match	sell	6620.81	0.01	1510399394.254	1510399395.3331542
match	sell	6623.46	0.02	1510399394.254	1510399395.3371654
match	sell	6623.48	0.02	1510399394.254	1510399395.3411758
match	sell	6623.49	0.02	1510399394.254	1510399395.3451867
match	sell	6634.2	0.03027953	1510399394.254	1510399395.3491971
match	sell	6634.2	0.13782172	1510399394.26	1510399395.3552127
match	sell	6634.2	0.35162036	1510399394.266	1510399395.359224
match	sell	6634.21	0.07006114	1510399394.291	1510399395.371256
match	sell	6634.19	0.20100612	1510399394.331	1510399395.4183807
match	sell	6634.19	0.09899388	1510399394.369	1510399395.433421
match	sell	6634.19	0.02806488	1510399394.369	1510399395.4354265
match	sell	6634.19	0.03542338	1510399394.384	1510399395.447458
match	buy	6634.17	0.325	1510399397.795	1510399398.790346
match	buy	6634.17	0.013	1510399397.795	1510399398.796362
match	buy	6625.32	0.11692362	1510399397.795	1510399398.79937
match	sell	6634.16	9.02e-06	1510399398.894	1510399399.8828793
match	sell	6634.16	0.01	1510399399.463	1510399400.451391
match	sell	6634.17	0.01330429	1510399399.463	1510399400.4644258
match	buy	6623.73	0.13497062	1510399400.209	1510399401.2966385
match	sell	6623.78	1.5e-06	1510399401.996	1510399402.9911435
match	sell	6623.78	0.01	1510399402.47	1510399403.4623964
match	buy	6623.77	0.08996207	1510399407.252	1510399408.2390964
match	sell	6623.78	0.0401	1510399407.572	1510399408.5676472
match	buy	6623.77	0.1232	1510399410.123	1510399411.1430085
match	sell	6623.78	0.01	1510399411.524	1510399412.5116472
match	sell	6623.78	0.01	1510399411.916	1510399412.9036896
match	sell	6623.78	1.5e-06	1510399411.999	1510399412.985908
match	sell	6623.78	0.06868161	1510399412.468	1510399413.5474014
match	sell	6623.78	0.86121539	1510399412.554	1510399413.6005423
match	sell	6623.78	0.55673765	1510399412.554	1510399413.6035502
match	sell	6623.78	0.06047134	1510399412.636	1510399413.6717315
match	buy	6623.77	0.08683793	1510399413.999	1510399414.9902372
match	buy	6623.77	0.18102407	1510399413.999	1510399414.994248
match	sell	6623.78	0.01	1510399417.533	1510399418.5236316
match	sell	6623.78	1.5e-06	1510399421.965	1510399422.9544117
match	sell	6623.78	0.01	1510399423.487	1510399424.4824748
match	sell	6623.78	0.36278951	1510399426.696	1510399427.6829834
match	sell	6623.78	0.1	1510399426.696	1510399427.6889994
match	sell	6623.78	0.74196817	1510399426.696	1510399427.6970212
match	sell	6623.78	0.01	1510399429.302	1510399430.2979362
match	sell	6623.78	1.5e-06	1510399431.972	1510399432.9600136
match	sell	6623.78	0.01	1510399435.421	1510399436.4071786
match	buy	6623.77	0.13897593	1510399438.888	1510399439.878408
match	buy	6623.77	0.06571735	1510399438.888	1510399439.896456
match	buy	6623.77	0.09	1510399438.888	1510399439.8994641
match	buy	6623.77	0.74460672	1510399438.888	1510399439.9044774
match	buy	6623.77	0.14777361	1510399441.125	1510399442.1574674
match	sell	6623.78	0.01	1510399441.874	1510399442.8643472
match	sell	6623.78	1.5e-06	1510399442.047	1510399443.0508428
match	sell	6623.78	0.01	1510399448.272	1510399449.26336
match	sell	6623.78	1.5e-06	1510399451.372	1510399452.3656082
match	sell	6623.78	0.01	1510399454.383	1510399455.3726027
match	sell	6623.78	0.01	1510399460.951	1510399461.9390607
match	sell	6623.78	1.5e-06	1510399461.416	1510399462.404298
match	sell	6623.78	9.03e-06	1510399464.322	1510399465.313032
match	sell	6623.78	0.1926	1510399469.915	1510399470.9079068
match	sell	6623.78	1.5e-06	1510399471.427	1510399472.414914
match	sell	6623.78	1.5e-06	1510399481.648	1510399482.6370914
match	buy	6623.77	0.2	1510399483.177	1510399484.1671598
match	buy	6623.77	0.04293856	1510399483.375	1510399484.3877459
match	buy	6623.77	0.54062473	1510399483.375	1510399484.3877459
match	buy	6623.77	0.05384709	1510399483.715	1510399484.7025828
match	buy	6623.77	0.20552817	1510399490.168	1510399491.1577456
match	buy	6623.77	0.03041247	1510399490.168	1510399491.1657672
match	buy	6623.77	1.30522285	1510399490.249	1510399491.264028
match	buy	6623.77	0.03709696	1510399490.329	1510399491.346247
match	buy	6623.77	0.04052714	1510399490.631	1510399491.6590781
match	buy	6623.77	0.53571877	1510399490.631	1510399491.6620865
match	buy	6623.77	0.06	1510399490.631	1510399491.6671002
match	buy	6623.77	0.03	1510399490.631	1510399491.6721134
match	buy	6623.77	0.01	1510399490.631	1510399491.6771264
match	buy	6623.77	0.19164655	1510399490.631	1510399491.681138
match	sell	6623.78	1.5e-06	1510399491.351	1510399492.3438993
match	buy	6623.77	0.015	1510399497.678	1510399498.6667097
match	buy	6623.77	0.04403984	1510399497.678	1510399498.6737285
match	buy	6623.77	0.00196016	1510399501.056	1510399502.0438602
match	buy	6623.77	0.08	1510399501.056	1510399502.0478706
match	buy	6622.24	0.2	1510399501.056	1510399502.0508795
match	buy	6620.87	0.04703984	1510399501.056	1510399502.0538871
match	sell	6605.64	1.51e-06	1510399502.574	1510399503.5889318
match	buy	6603.21	0.6279	1510399504.085	1510399505.0728774
match	sell	6603.21	0.8315359	1510399504.897	1510399505.9281516
match	sell	6603.21	1.68950501	1510399506.06	1510399507.0491319
match	sell	6603.21	0.16035472	1510399508.482	1510399509.495636
match	sell	6603.21	0.0202543	1510399509.521	1510399510.5093312
match	sell	6603.21	1.37023208	1510399510.249	1510399511.2392716
match	sell	6603.21	0.56239608	1510399510.443	1510399511.4327867
match	sell	6603.21	1.51e-06	1510399511.756	1510399512.7583106
match	buy	6603.2	0.6	1510399519.636	1510399520.6312423
match	buy	6603.2	0.79	1510399519.636	1510399520.640267
match	buy	6603.2	0.01	1510399519.636	1510399520.642273
match	buy	6603.2	0.05	1510399519.636	1510399520.6472862
match	buy	6603.2	0.32	1510399519.636	1510399520.65631
match	buy	6603.2	0.06	1510399519.636	1510399520.6613228
match	buy	6603.2	0.25	1510399519.636	1510399520.6670766
match	buy	6603.2	0.25	1510399519.636	1510399520.6695862
match	buy	6603.2	0.162323	1510399519.636	1510399520.6862836
match	sell	6603.21	0.02023878	1510399520.334	1510399521.346798
match	sell	6603.21	1.51e-06	1510399521.801	1510399522.7906365
match	sell	6603.21	9.06e-06	1510399527.854	1510399528.8447328
match	sell	6603.21	0.05718769	1510399530.191	1510399531.1789386
match	sell	6603.21	1.51e-06	1510399531.743	1510399532.7511187
match	sell	6603.21	0.1184054	1510399531.903	1510399532.9035242
match	sell	6603.21	1.1244	1510399532.463	1510399533.4529848
match	sell	6603.21	0.09	1510399535.556	1510399536.545206
match	buy	6603.2	0.013	1510399541.63	1510399542.622363
match	buy	6603.2	0.011	1510399541.63	1510399542.627377
match	buy	6603.2	0.01304536	1510399541.63	1510399542.632391
match	buy	6603.2	2.45527764	1510399541.63	1510399542.636401
match	sell	6603.21	1.51e-06	1510399541.735	1510399542.7266471
match	sell	6603.21	0.07152493	1510399546.529	1510399547.5220177
match	sell	6603.21	0.0317215	1510399546.682	1510399547.6864543
match	sell	6603.21	0.07463404	1510399549.148	1510399550.13697
match	sell	6603.21	1.51e-06	1510399551.73	1510399552.719837
match	buy	6603.2	0.17439518	1510399558.862	1510399559.853804
match	sell	6603.21	0.02705027	1510399560.442	1510399561.437014
match	sell	6603.21	1.51e-06	1510399562.613	1510399563.6448836
match	buy	6603.2	1.6577	1510399564.087	1510399565.0776932
match	buy	6603.2	1.88491593	1510399566.248	1510399567.238438
match	buy	6603.2	0.01	1510399566.248	1510399567.2404435
match	buy	6603.2	0.08	1510399566.248	1510399567.2454565
match	buy	6603.2	0.35068889	1510399566.248	1510399567.2484646
match	sell	6603.21	0.4984	1510399568.915	1510399569.9045262
match	sell	6603.21	0.09	1510399568.991	1510399569.9847395
match	buy	6603.2	0.01357819	1510399569.019	1510399570.0078008
match	buy	6603.2	0.01359909	1510399569.019	1510399570.0509152
match	buy	6603.2	0.00639465	1510399569.019	1510399570.0549266
match	sell	6603.21	0.03490584	1510399569.811	1510399570.8390107
match	sell	6603.21	0.03362919	1510399570.346	1510399571.3804502
match	sell	6603.21	0.04297435	1510399571.224	1510399572.2146685
match	sell	6603.21	1.51e-06	1510399572.093	1510399573.0829768
match	sell	6603.21	0.01	1510399572.299	1510399573.2955422
match	sell	6603.21	0.04816015	1510399573.861	1510399574.85168
match	sell	6603.21	0.05198741	1510399576.754	1510399577.7493837
match	sell	6603.21	0.02122293	1510399580.985	1510399582.0367827
match	sell	6603.21	1.51e-06	1510399582.13	1510399583.120665
match	sell	6603.21	0.02334503	1510399585.824	1510399586.81248
match	sell	6603.21	9.06e-06	1510399585.93	1510399586.9227736
match	sell	6603.21	1.51e-06	1510399592.1	1510399593.0921757
match	buy	6603.2	0.00714882	1510399593.705	1510399594.6964412
match	buy	6603.2	0.01355087	1510399593.705	1510399594.720505
match	buy	6603.2	0.01361998	1510399593.705	1510399594.7235134
match	buy	6603.2	0.0136326	1510399593.705	1510399594.7305326
match	buy	6603.2	0.01366392	1510399593.705	1510399594.7355452
match	buy	6603.2	0.01363206	1510399593.705	1510399594.7425642
match	buy	6603.2	0.01354347	1510399593.705	1510399594.783673
match	buy	6603.2	0.01355353	1510399593.705	1510399594.7886865
match	buy	6603.2	0.01354347	1510399593.705	1510399594.7997155
match	buy	6603.2	0.01354347	1510399593.705	1510399594.801721
match	buy	6603.2	0.12056781	1510399593.705	1510399594.8107448
match	buy	6603.2	0.19943219	1510399595.819	1510399596.8160768
match	buy	6603.2	0.79999999	1510399595.819	1510399596.8200881
match	buy	6603.2	0.6	1510399595.819	1510399596.8271062
match	buy	6603.2	1.42406782	1510399595.819	1510399596.8321195
match	sell	6603.21	1.51e-06	1510399602.081	1510399603.0747175
match	buy	6603.2	0.78853979	1510399607.848	1510399608.8420506
match	sell	6603.21	1.51e-06	1510399612.109	1510399613.0993695
match	sell	6603.21	0.203	1510399612.98	1510399613.9897368
match	buy	6603.2	0.03806	1510399613.247	1510399614.2474217
match	buy	6603.2	0.02415028	1510399613.377	1510399614.4068458
match	buy	6603.2	0.43053439	1510399615.2	1510399616.1915905
match	sell	6603.21	0.08883536	1510399618.592	1510399619.5836096
match	sell	6603.21	1.51e-06	1510399621.91	1510399622.9014304
match	sell	6603.21	0.09124233	1510399623.301	1510399624.2921286
match	buy	6603.2	0.28401455	1510399625.918	1510399626.9100885
match	sell	6603.21	0.1675	1510399627.202	1510399628.2015219
match	sell	6603.21	0.02020887	1510399627.411	1510399628.4010525
match	sell	6603.21	0.04799897	1510399627.911	1510399628.9023855
match	sell	6603.21	0.01200103	1510399627.983	1510399628.971569
match	buy	6603.2	0.30286226	1510399628.754	1510399629.7486353
match	sell	6603.21	0.02	1510399630.78	1510399631.7970817
match	sell	6603.21	1.51e-06	1510399631.561	1510399632.5581048
match	sell	6603.21	0.02019976	1510399636.348	1510399637.3398182
match	sell	6603.21	9.06e-06	1510399639.012	1510399640.0028985
match	sell	6603.21	0.00302127	1510399640.362	1510399641.3554947
match	buy	6603.2	0.03506928	1510399641.616	1510399642.608827
match	sell	6603.21	1.51e-06	1510399641.747	1510399642.740177
match	buy	6603.2	0.04319759	1510399641.965	1510399642.9597602
match	buy	6603.2	0.05202239	1510399642.127	1510399643.1181812
match	buy	6603.2	0.02102646	1510399649.526	1510399650.5258763
match	sell	6603.21	1.51e-06	1510399651.626	1510399652.6174371
match	buy	6603.2	0.42416378	1510399655.756	1510399656.7684736
match	buy	6603.2	0.16418445	1510399655.853	1510399656.8436742
match	sell	6603.21	0.05	1510399657.31	1510399658.3025522
match	sell	6603.21	0.01819855	1510399658.214	1510399659.205954
match	sell	6603.21	0.07751275	1510399658.219	1510399659.2290158
match	sell	6603.21	0.1683	1510399658.739	1510399659.7383697
match	buy	6603.2	0.29611807	1510399658.739	1510399659.7443857
match	buy	6603.2	0.03573447	1510399660.16	1510399661.153131
match	sell	6603.21	0.15054521	1510399660.874	1510399661.8660264
match	sell	6603.21	0.50669879	1510399660.874	1510399661.8710396
match	sell	6603.21	1.51e-06	1510399661.519	1510399662.5107408
match	sell	6603.21	0.05	1510399662.952	1510399663.94355
match	sell	6603.21	0.01708393	1510399665.771	1510399666.761041
match	sell	6603.21	0.01921577	1510399665.789	1510399666.808167
match	sell	6603.21	0.0137003	1510399665.789	1510399666.808167
match	buy	6603.2	0.10380576	1510399667.169	1510399668.1667786
match	buy	6603.2	0.03866368	1510399668.767	1510399669.7650278
match	sell	6603.21	1.51e-06	1510399671.538	1510399672.53038
match	sell	6603.21	0.08856466	1510399675.606	1510399676.612233
match	sell	6603.21	0.02074918	1510399675.61	1510399676.6132355
match	buy	6603.2	0.72378498	1510399678.552	1510399679.5440323
match	buy	6603.2	0.25159983	1510399678.552	1510399679.5500474
match	buy	6603.2	0.01	1510399678.552	1510399679.5540586
match	buy	6603.2	0.59521879	1510399678.552	1510399679.5660915
match	sell	6603.21	0.04	1510399680.764	1510399681.7609258
match	sell	6603.21	1.51e-06	1510399682.523	1510399683.5165937
match	sell	6603.21	0.2438	1510399689.926	1510399690.9192753
match	sell	6603.21	0.10320729	1510399691.543	1510399692.5345697
match	sell	6603.21	1.51e-06	1510399691.966	1510399692.9687243
match	sell	6603.21	0.01	1510399694.245	1510399695.237757
match	sell	6603.21	0.06797404	1510399696.953	1510399697.970021
match	sell	6603.21	0.1	1510399696.953	1510399697.970021
match	sell	6603.21	0.15879382	1510399696.953	1510399697.97704
match	sell	6603.21	0.01	1510399697.807	1510399698.8002286
match	buy	6603.2	2.84483984	1510399698.209	1510399699.2033
match	sell	6603.21	0.02470624	1510399701.401	1510399702.3917773
match	sell	6603.21	1.51e-06	1510399701.964	1510399702.9673073
match	buy	6603.2	0.161386	1510399703.94	1510399704.936543
match	sell	6603.21	0.03745557	1510399705.654	1510399706.6460886
match	buy	6603.2	0.65835622	1510399705.698	1510399706.6932137
match	buy	6603.2	0.1534922	1510399705.947	1510399706.9709523
match	buy	6603.2	0.41945175	1510399706.2	1510399707.2156029
match	sell	6603.21	9.06e-06	1510399706.278	1510399707.268744
match	sell	6603.21	1.51e-06	1510399711.96	1510399712.951854
match	sell	6603.21	0.03	1510399715.256	1510399716.2526295
match	sell	6603.21	0.1208	1510399721.371	1510399722.3869388
match	sell	6603.21	1.51e-06	1510399722.103	1510399723.0958242
match	buy	6603.2	0.01352335	1510399728.316	1510399729.3233812
match	buy	6603.2	0.01347191	1510399728.316	1510399729.327392
match	buy	6603.2	0.01345919	1510399728.316	1510399729.3324053
match	buy	6603.2	0.01346594	1510399728.316	1510399729.3374195
match	buy	6603.2	0.01353498	1510399728.316	1510399729.3414297
match	buy	6603.2	0.01346698	1510399728.316	1510399729.346443
match	buy	6603.2	0.01353522	1510399728.316	1510399729.3514562
match	buy	6603.2	0.01355382	1510399728.316	1510399729.3564692
match	buy	6603.2	0.01347212	1510399728.316	1510399729.3979213
match	buy	6603.2	0.01356143	1510399728.316	1510399729.4039373
match	buy	6603.2	0.01353803	1510399728.316	1510399729.4089506
match	buy	6603.2	0.01346723	1510399728.316	1510399729.4151373
match	buy	6603.2	0.01346391	1510399728.316	1510399729.4191475
match	buy	6603.2	1.03779646	1510399728.316	1510399729.4231591
match	buy	6603.2	0.36077711	1510399728.316	1510399729.4287694
match	buy	6603.2	0.013	1510399728.316	1510399729.4322815
match	buy	6603.2	0.05	1510399728.316	1510399729.441305
match	buy	6603.2	0.013	1510399728.316	1510399729.4495258
match	buy	6603.2	0.049	1510399728.316	1510399729.4555416
match	buy	6603.19	0.01352335	1510399729.418	1510399730.4110823
match	sell	6603.2	1.51e-06	1510399731.945	1510399732.9418106
match	sell	6603.15	1.51e-06	1510399741.664	1510399742.658645
match	sell	6603.15	0.01	1510399745.602	1510399746.5995092
match	sell	6603.15	1.51e-06	1510399751.317	1510399752.3106937
match	buy	6603.14	0.01536534	1510399752.521	1510399753.5138931
match	buy	6603.1	0.25	1510399752.521	1510399753.5179036
match	buy	6603.0	0.3	1510399752.521	1510399753.5209115
match	buy	6603.0	0.5	1510399752.521	1510399753.522917
match	buy	6603.0	0.2	1510399752.521	1510399753.5289328
match	buy	6602.42	0.0108	1510399752.521	1510399753.5499892
match	buy	6601.46	0.042	1510399752.521	1510399753.5539997
match	buy	6601.38	0.0101	1510399752.521	1510399753.5600157
match	buy	6601.02	0.44943466	1510399752.521	1510399753.5620208
match	sell	6601.03	0.28747973	1510399757.314	1510399758.306635
match	sell	6601.03	0.13555874	1510399757.362	1510399758.3567686
match	sell	6601.03	0.21696153	1510399757.402	1510399758.3978777
match	buy	6601.02	0.08428161	1510399757.702	1510399758.693664
match	sell	6601.03	9.06e-06	1510399760.378	1510399761.3757951
match	buy	6601.02	0.09899998	1510399760.522	1510399761.516169
match	buy	6601.02	0.04949999	1510399760.716	1510399761.7527976
match	sell	6601.03	1.51e-06	1510399761.401	1510399762.3955066
